@misc{AnthonyNelzinSantos2018,
    title = {{10 nm, 7 nm, 5 nm : la finesse de gravure, enjeu du monde mobile}},
    year = {2018},
    author = {{Anthony Nelzin-Santos}},
    url = {https://www.igen.fr/iphone/2018/05/10-nm-7-nm-5-nm-la-finesse-de-gravure-enjeu-du-monde-mobile-103886#fn1}
}

@article{rupp40years,
    title = {{40 Years of Microprocessor Trend Data}},
    year = {2015},
    author = {Rupp, Karl},
    url = {https://www.karlrupp.net/2015/06/40-years-of-microprocessor-trend-data/}
}

@inproceedings{younes2003benchmark,
    title = {{A benchmark generator for dynamic optimization}},
    year = {2003},
    booktitle = {Proceedings of the 3rd International Conference on Soft Computing, Optimization, Simulation {\&} Manufacturing Systems},
    author = {Younes, Abdunnaser and Basir, Otman and Calamai, Paul}
}

@book{hurley2014concise,
    title = {{A concise introduction to logic}},
    year = {2014},
    author = {Hurley, Patrick J},
    publisher = {Nelson Education}
}

@article{Arnold2001,
    title = {{A framework for reducing the cost of instrumented code}},
    year = {2001},
    journal = {Acm Sigplan Notices},
    author = {Arnold, Matthew and Ryder, Barbara G},
    number = {5},
    pages = {168--179},
    volume = {36},
    publisher = {ACM},
    issn = {1581134142}
}

@article{Lorenzo2014,
    title = {{A hardware counter-based toolkit for the analysis of memory accesses in SMPs}},
    year = {2014},
    journal = {Concurrency Computation Practice and Experience},
    author = {Lorenzo, Oscar G. and Pena, Tomás F. and Cabaleiro, José C. and Pichel, Juan C. and Lorenzo, Juan A. and Rivera, Francisco F.},
    isbn = {9780769547015},
    doi = {10.1002/cpe.3122},
    issn = {15320634},
    keywords = {hardware counters, irregular codes, memory hierarchy, monitoring, parallel codes}
}

@inproceedings{Bette2003,
    title = {{A high-speed 128 Kbit MRAM core for future universal memory applications}},
    year = {2003},
    booktitle = {VLSI Circuits, 2003. Digest of Technical Papers. 2003 Symposium on},
    author = {Bette, A and DeBrosse, J and Gogl, D and Hoenigschmid, H and Robertazzi, R and Arndt, C and Braun, D and Casarotto, D and Havreluk, R and Lammers, S},
    pages = {217--220},
    publisher = {IEEE},
    isbn = {4891140348}
}

@article{Daly2006,
    title = {{A higher order estimate of the optimum checkpoint interval for restart dumps}},
    year = {2006},
    journal = {Future generation computer systems},
    author = {Daly, John T},
    number = {3},
    pages = {303--312},
    volume = {22},
    publisher = {Elsevier},
    issn = {0167-739X}
}

@inproceedings{takahashi2005hybrid,
    title = {{A Hybrid MPI/OpenMP Implementation of a Parallel 3-D FFT on SMP Clusters}},
    year = {2006},
    booktitle = {International Conference on Parallel Processing and Applied Mathematics},
    author = {Takahashi, Daisuke},
    pages = {970--977},
    organization = {Springer},
    doi = {10.1007/11752578{\_}117}
}

@inproceedings{papamarcos1984low,
    title = {{A low-overhead coherence solution for multiprocessors with private cache memories}},
    year = {1984},
    booktitle = {Proceedings of the 11th annual international symposium on Computer architecture  - ISCA '84},
    author = {Papamarcos, Mark S. and Patel, Janak H.},
    number = {3},
    pages = {348--354},
    volume = {12},
    url = {http://portal.acm.org/citation.cfm?doid=800015.808204},
    organization = {ACM},
    isbn = {0818605383},
    doi = {10.1145/800015.808204}
}

@article{dongarra2016high,
    title = {{A new metric for ranking high-performance computing systems}},
    year = {2016},
    journal = {National Science Review},
    author = {Dongarra, Jack and Heroux, Michael A. and Luszczek, Piotr},
    number = {1},
    pages = {30--35},
    volume = {3},
    publisher = {SAGE Publications Sage UK: London, England},
    doi = {10.1093/nsr/nwv084},
    issn = {2095-5138}
}

@article{Oliker2005,
    title = {{A Performance Evaluation of the Cray X1 for Scientific Applications}},
    year = {2010},
    journal = {High Performance {\ldots}},
    author = {Canning, Andrew and Djomehri, M. Jahed and Carter, Jonathan and Biswas, Rupak and Oliker, Leonid and Skinner, David and Borrill, Julian and Shan, Hongzhang},
    pages = {51--65},
    publisher = {Springer, Berlin, Heidelberg},
    url = {http://link.springer.com/10.1007/11403937_5 http://link.springer.com/chapter/10.1007/11403937_5},
    doi = {10.1007/11403937{\_}5},
    issn = {03029743}
}

@article{Browne2000,
    title = {{A portable programming interface for performance evaluation on modern processors}},
    year = {2000},
    journal = {International Journal of High Performance Computing Applications},
    author = {Browne, S. and Dongarra, Jack and Garner, N. and Ho, G. and Mucci, P.},
    number = {3},
    month = {8},
    pages = {189--204},
    volume = {14},
    publisher = {Sage Publications, Inc.},
    url = {http://journals.sagepub.com/doi/10.1177/109434200001400303},
    isbn = {1094-3420},
    doi = {10.1177/109434200001400303},
    issn = {10943420}
}

@article{Little_1961,
    title = {{A Proof for the Queuing Formula: L = A W}},
    year = {1961},
    journal = {Operations Research},
    author = {Little, John D C},
    number = {3},
    month = {6},
    pages = {383--387},
    volume = {9},
    publisher = {Institute for Operations Research and the Management Sciences ({\{}INFORMS{\}})},
    url = {https://doi.org/10.1287%2Fopre.9.3.383},
    doi = {10.1287/opre.9.3.383}
}

@article{article,
    title = {{A Prototype Processing-In-Memory (PIM) Chip for the Data-Intensive Architecture (DIVA) System}},
    year = {2005},
    journal = {The Journal of VLSI Signal Processing-Systems for Signal, Image, and Video Technology},
    author = {Draper, Jaffrey and Tim Barrett, J and Sondeen, Jeff and Mediratta, Sumit and Woo Kang, Chang and Kim, Ihn and Daglikoca, Gokhan},
    pages = {73--84},
    volume = {40},
    doi = {10.1007/s11265-005-4939-1}
}

@inproceedings{Lopez2015,
    title = {{A prototype sampling interface for PAPI}},
    year = {2015},
    booktitle = {Proceedings of the 2015 XSEDE Conference on Scientific Advancements Enabled by Enhanced Cyberinfrastructure - XSEDE '15},
    author = {Lopez, Ivonne and Moore, Shirley and Weaver, Vincent},
    pages = {1--4},
    publisher = {ACM Press},
    url = {http://dl.acm.org/citation.cfm?doid=2792745.2792772},
    address = {New York, New York, USA},
    isbn = {9781450337205},
    doi = {10.1145/2792745.2792772},
    keywords = {hardware counters, non-uniform memory access (NUMA), sampling}
}

@article{Browne2000a,
    title = {{A Scalable Cross-Platform Infrastructure for Application Performance Tuning Using Hardware Counters}},
    year = {2000},
    journal = {ACM/IEEE SC 2000 Conference (SC'00)},
    author = {Browne, S. and Dongarra, J. and Garner, N. and London, K. and Mucci, P.},
    isbn = {0-7803-9802-5},
    doi = {10.1109/SC.2000.10029},
    issn = {1063-9535}
}

@inproceedings{Laurenzano2012,
    title = {{A static binary instrumentation threading model for fast memory trace collection}},
    year = {2012},
    booktitle = {Proceedings - 2012 SC Companion: High Performance Computing, Networking Storage and Analysis, SCC 2012},
    author = {Laurenzano, Michael A. and Peraza, Joshua and Carrington, Laura and Tiwari, Ananta and Ward, William A. and Campbell, Roy},
    month = {11},
    pages = {741--745},
    publisher = {IEEE},
    url = {http://ieeexplore.ieee.org/document/6495883/},
    isbn = {9780769549569},
    doi = {10.1109/SC.Companion.2012.101}
}

@inproceedings{Zamani2012,
    title = {{A study of hardware performance monitoring counter selection in power modeling of computing systems}},
    year = {2012},
    booktitle = {2012 International Green Computing Conference, IGCC 2012},
    author = {Zamani, Reza and Afsahi, Ahmad},
    isbn = {9781467321556},
    doi = {10.1109/IGCC.2012.6322289},
    keywords = {energy saving, performance monitoring counters, power modeling}
}

@inproceedings{Efnusheva2017ASO,
    title = {{A Survey of Different Approaches for Overcoming the Processor - Memory Bottleneck}},
    year = {2017},
    booktitle = {International Journal of Computer Science and Information Technology},
    author = {Efnusheva, Danijela and Cholakoska, Ana and Tentov, Aristotel},
    number = {2},
    pages = {151--163},
    volume = {9},
    doi = {10.5121/ijcsit.2017.9214},
    issn = {09754660}
}

@article{mccalpin1999survey,
    title = {{A survey of memory bandwidth and machine balance in current high performance computers}},
    year = {1999},
    journal = {IEEE TCCA Newsletter},
    author = {McCalpin, John D},
    pages = {19--25}
}

@inproceedings{Liu2014,
    title = {{A tool to analyze the performance of multithreaded programs on NUMA architectures}},
    year = {2014},
    booktitle = {Proceedings of the 19th ACM SIGPLAN symposium on Principles and practice of parallel programming - PPoPP '14},
    author = {Liu, Xu and Mellor-Crummey, John},
    pages = {259--272},
    url = {http://dl.acm.org/citation.cfm?doid=2555243.2555271},
    isbn = {9781450326568},
    doi = {10.1145/2555243.2555271},
    issn = {15232867}
}

@article{Yasin2014,
    title = {{A Top-Down method for performance analysis and counters architecture}},
    year = {2014},
    journal = {ISPASS 2014 - IEEE International Symposium on Performance Analysis of Systems and Software},
    author = {Yasin, Ahmad},
    pages = {35--44},
    isbn = {9781479936052},
    doi = {10.1109/ISPASS.2014.6844459}
}

@article{Denoyelle2015,
    title = {{A topology-aware performance monitoring tool for shared resource management in multicore systems}},
    year = {2015},
    journal = {Lecture Notes in Computer Science (including subseries Lecture Notes in Artificial Intelligence and Lecture Notes in Bioinformatics)},
    author = {Denoyelle, Nicolas and Goglin, Brice and Jeannot, Emmanuel},
    pages = {710--721},
    volume = {9523},
    isbn = {9783319273075},
    doi = {10.1007/978-3-319-27308-2{\_}57},
    issn = {16113349}
}

@inproceedings{Zaparanuks2009,
    title = {{Accuracy of performance counter measurements}},
    year = {2009},
    booktitle = {ISPASS 2009 - International Symposium on Performance Analysis of Systems and Software},
    author = {Zaparanuks, Dmitrijs and Jovic, Milan and Hauswirth, Matthias},
    isbn = {9781424441846},
    doi = {10.1109/ISPASS.2009.4919635}
}

@inproceedings{Neill2017,
    title = {{Accurate and complete hardware profiling for OpenMP: multiplexing hardware events across executions}},
    year = {2017},
    booktitle = {Lecture Notes in Computer Science (including subseries Lecture Notes in Artificial Intelligence and Lecture Notes in Bioinformatics)},
    author = {Neill, Richard and Drebes, Andi and Pop, Antoniu},
    month = {9},
    pages = {266--280},
    volume = {10468 LNCS},
    publisher = {Springer, Cham},
    url = {http://link.springer.com/10.1007/978-3-319-65578-9_18},
    isbn = {9783319655772},
    doi = {10.1007/978-3-319-65578-9{\_}18},
    issn = {16113349},
    keywords = {Hardware events, OpenMP profiling, Performance analysis, Performance monitoring counters}
}

@article{Dongarra2004,
    title = {{Accurate cache and TLB characterization using hardware counters}},
    year = {2004},
    journal = {Science-ICCS 2004},
    author = {Dongarra, Jack and Moore, Shirley and Mucci, Philip and Seymour, Keith},
    pages = {432--439},
    url = {http://www.springerlink.com/index/Q9MHWHDE3HQU2K3B.pdf},
    isbn = {3-540-22116-6},
    doi = {http://springerlink.metapress.com/openurl.asp?genre=article{\&}amp;issn=0302-9743{\&}amp;volume=3038{\&}amp;spage=432},
    issn = {03029743}
}

@article{Dongarra2004a,
    title = {{Accurate cache and TLB characterization using hardware counters}},
    year = {2004},
    journal = {Science-ICCS 2004},
    author = {Dongarra, Jack and Moore, Shirley and Mucci, Philip and Seymour, Keith},
    pages = {432--439},
    publisher = {Springer, Berlin, Heidelberg},
    url = {http://link.springer.com/10.1007/978-3-540-24688-6_57 http://www.springerlink.com/index/Q9MHWHDE3HQU2K3B.pdf},
    isbn = {3-540-22116-6},
    doi = {http://springerlink.metapress.com/openurl.asp?genre=article{\&}amp;issn=0302-9743{\&}amp;volume=3038{\&}amp;spage=432},
    issn = {03029743}
}

@article{HPC:fpga,
    title = {{Achieving High Performance with FPGA-Based Computing}},
    year = {2007},
    journal = {Computer},
    author = {Martin, C Herbordt and Tom, VanCourt and Yongfeng, Gu and Bharat, Sukhwani and Al, Conti and Josh, Model and Doug, DiSabello},
    number = {3},
    pages = {50--57},
    volume = {40},
    publisher = {IEEE},
    isbn = {0018-9162},
    keywords = {FPGAs, High-performance computing, reconfigurable computing}
}

@article{ladd2004acovea,
    title = {{Acovea: Analysis of compiler options via evolutionary algorithm}},
    year = {2004},
    journal = {Describing the EvolutionaryAlgorithm”, http://stderr. org/doc/acovea/html/acoveaga. html},
    author = {Ladd, Scott R}
}

@misc{Kleen2015,
    title = {{Adding Processor Trace support to Linux}},
    year = {2015},
    author = {Kleen, Andi},
    url = {https://lwn.net/Articles/648154/}
}

@article{Weaver2016,
    title = {{Advanced Hardware Profiling and Sampling (PEBS, IBS, etc.): Creating a New PAPI Sampling Interface}},
    year = {2016},
    author = {Weaver, Vincent M}
}

@inproceedings{Kettan,
    title = {{Advances in high performance computing and their impact on smart cities}},
    year = {2017},
    booktitle = {Proceedings of the 2017 International Conference on Smart Digital Environment - ICSDE '17},
    author = {Kettani, Houssain},
    pages = {229--231},
    url = {http://dl.acm.org/citation.cfm?doid=3128128.3128163},
    isbn = {9781450352819},
    doi = {10.1145/3128128.3128163}
}

@inproceedings{Webb2018,
    title = {{Advances in Persistent Memories: Markets and Applications}},
    year = {2018},
    booktitle = {Flash Memory Summit},
    author = {Webb, Mark},
    url = {https://www.flashmemorysummit.com/English/Collaterals/Proceedings/2018/20180807_PMEM-101-1_Webb.pdf}
}

@article{Block2006,
    title = {{An almost head-on collision as the origin of two off-centre rings in the Andromeda galaxy}},
    year = {2006},
    journal = {Nature},
    author = {Block, D L and Bournaud, F and Combes, F and Groess, R and Barmby, P and Ashby, M. L.N. and Fazio, G G and Pahre, M A and Willner, S P},
    number = {7113},
    pages = {832--834},
    volume = {443},
    url = {https://arxiv.org/pdf/astro-ph/0610543.pdf},
    isbn = {1476-4687 (Electronic) 0028-0836 (Linking)},
    doi = {10.1038/nature05184},
    issn = {14764687},
    pmid = {17051212},
    arxivId = {astro-ph/0610543}
}

@inproceedings{Tinetti2014,
    title = {{An automated approach to hardware performance monitoring counters}},
    year = {2014},
    booktitle = {Proceedings - 2014 International Conference on Computational Science and Computational Intelligence, CSCI 2014},
    author = {Tinetti, Fernando G. and M{\'{e}}ndez, Mariano},
    month = {3},
    pages = {71--76},
    volume = {1},
    publisher = {IEEE},
    url = {http://ieeexplore.ieee.org/lpdocs/epic03/wrapper.htm?arnumber=6822086},
    isbn = {9781479930098},
    doi = {10.1109/CSCI.2014.19},
    keywords = {Fortran, Hardware Counters, High Performance Computing, Performance}
}

@inproceedings{baer1991effective,
    title = {{An effective on-chip preloading scheme to reduce data access penalty}},
    year = {1991},
    booktitle = {Supercomputing'91: Proceedings of the 1991 ACM/IEEE Conference on Supercomputing},
    author = {Baer, Jean-Loup and Chen, Tien-Fu},
    pages = {176--186},
    organization = {IEEE}
}

@article{knuth1971empirical,
    title = {{An empirical study of FORTRAN programs}},
    year = {1971},
    journal = {Software: Practice and experience},
    author = {Knuth, Donald E},
    number = {2},
    pages = {105--133},
    volume = {1},
    publisher = {Wiley Online Library}
}

@misc{Handy2017,
    title = {{An NVDIMM Primer (Part 1 of 2) | The SSD Guy}},
    year = {2017},
    author = {Handy, Jim},
    url = {http://8ea.590.myftpupload.com/an-nvdimm-primer-part-1-of-2/}
}

@phdthesis{Rubial2012,
    title = {{Analyse et optimisation de performances sur architectures multicoeurs}},
    year = {2012},
    booktitle = {http://www.theses.fr},
    author = {Rubial, Andrés Salim Charif},
    month = {1},
    publisher = {Versailles-St Quentin en Yvelines},
    url = {http://theses.fr/2012VERS0026}
}

@article{Saavedra1996,
    title = {{Analysis of benchmark characteristics and benchmark performance prediction}},
    year = {1996},
    journal = {ACM Transactions on Computer Systems},
    author = {Saavedra, Rafael H. and Smith, Alan J.},
    number = {4},
    pages = {344--384},
    volume = {14},
    url = {http://portal.acm.org/citation.cfm?doid=235543.235545},
    isbn = {0734-2071},
    doi = {10.1145/235543.235545},
    issn = {07342071}
}

@article{Deng2013,
    title = {{Analysis of Linpack and power efficiencies of the world's TOP500 supercomputers}},
    year = {2013},
    journal = {Parallel Computing},
    author = {Deng, Yuefan and Zhang, Peng and Marques, Carlos and Powell, Reid and Zhang, Li},
    number = {6-7},
    pages = {271--279},
    volume = {39},
    publisher = {Elsevier B.V.},
    url = {http://dx.doi.org/10.1016/j.parco.2013.04.007},
    doi = {10.1016/j.parco.2013.04.007},
    issn = {01678191},
    keywords = {Benchmark, Linpack, Power efficiency, Supercomputers}
}

@phdthesis{Sterz2016,
    title = {{Analyzing NUMA Performance Based on Hardware Event Counters}},
    year = {2016},
    author = {Sterz, Christoph}
}

@misc{CEA2006,
    title = {{Androm{\`{e}}de frapp{\'{e}}e en plein coeur}},
    year = {2006},
    author = {{CEA}},
    url = {http://irfu.cea.fr/Phocea/Vie_des_labos/Ast/ast.php?id_ast=958&t=actu}
}

@misc{fluent,
    title = {{ANSYS High Performance Computing: Compute Clusters}},
    author = {{Ansys}},
    url = {https://www.ansys.com/products/platform/ansys-high-performance-computing}
}

@phdthesis{Steinmann2012,
    title = {{Applying the Roofline Model}},
    year = {2012},
    author = {Steinmann, Ruedi},
    isbn = {9781479936069},
    doi = {10.3929/ethz-a-007305123}
}

@book{Blanchet2013,
    title = {{Architecture des ordinateurs : principes fondamentaux}},
    year = {2013},
    author = {Blanchet, Gérard and Dupouy, Bertrand and {Impr. SEPEC)}},
    publisher = {Hermès Science publications-Lavoisier},
    isbn = {2746239140}
}

@inproceedings{GervasiBill2018,
    title = {{Architecture for Carbon Nanotube Based Memory (NRAM)}},
    year = {2018},
    author = {{Gervasi Bill}},
    url = {https://www.anandtech.com/show/13252/hot-chips-2018-nanotubes-as-dram-by-nantero-live-blog}
}

@article{amdahl1964architecture,
    title = {{Architecture of the IBM System/360}},
    year = {1964},
    journal = {IBM Journal of Research and Development},
    author = {Amdahl, Gene M and Blaauw, Gerrit A and Brooks, F P},
    number = {2},
    pages = {87--101},
    volume = {8},
    publisher = {IBM}
}

@article{Malone2011,
    title = {{Are Hardware Performance Counters a Cost Effective Way for Integrity Checking of Programs}},
    year = {2011},
    journal = {Proceedings of the sixth ACM workshop on Scalable trusted computing - STC '11},
    author = {Malone, Corey and Zahran, Mohamed and Karri, Ramesh},
    pages = {71},
    publisher = {ACM Press},
    url = {http://dl.acm.org/citation.cfm?doid=2046582.2046596 http://www.scopus.com/inward/record.url?eid=2-s2.0-80755143408&partnerID=40&md5=ad5db1f8e5c0131a2a17f457ba1b0497%5Cnhttp://dl.acm.org/citation.cfm?doid=2046582.2046596},
    address = {New York, New York, USA},
    isbn = {9781450310017},
    doi = {10.1145/2046582.2046596},
    issn = {15437221},
    keywords = {hardware performance counters, integrity}
}

@misc{hall2011ascr,
    title = {{ASCR programming challenges for exascale computing}},
    year = {2011},
    booktitle = {Exascale Programming Challenges, Marina del Rey, CA, USA, July},
    author = {Amarasinghe, Saman and Hall, Mary and Lethin, Richard and Pingali, Keshav and Quinlan, Dan and Sarkar, Vivek and Shalf, John and Lucas, Robert and Yelick, Katherine},
    publisher = {see}
}

@article{Spafford2012,
    title = {{Aspen: A domain specific language for performance modeling}},
    year = {2012},
    journal = {2012 International Conference for High Performance Computing, Networking, Storage and Analysis},
    author = {Spafford, Kyle L. and Vetter, Jeffrey S.},
    pages = {1--11},
    url = {http://ieeexplore.ieee.org/lpdocs/epic03/wrapper.htm?arnumber=6468530},
    isbn = {978-1-4673-0806-9},
    doi = {10.1109/SC.2012.20},
    issn = {2167-4329}
}

@article{Abel2012,
    title = {{Automatic Cache Modeling by Measurements}},
    year = {2012},
    journal = {6th Junior Researcher Workshop on Real-Time Computing (in conjunction with RTNS)},
    author = {Abel, Andreas and Reineke, Jan}
}

@phdthesis{popov:tel-01412638,
    title = {{Automatic decomposition of parallel programs for optimization and performance prediction.}},
    year = {2016},
    author = {Popov, Mihail},
    number = {2016SACLV087},
    month = {10},
    url = {https://tel.archives-ouvertes.fr/tel-01412638},
    school = {Universit{\'{e}} Paris-Saclay},
    keywords = {Optimization ; Performance prediction ; Parallelis}
}

@article{Gonzalez2009,
    title = {{Automatic Detection of Parallel Applications Computation Phases}},
    year = {2009},
    journal = {IPDPS 2009 - Proceedings of the 2009 IEEE International Parallel and Distributed Processing Symposium},
    author = {Gonzalez, Juan and Gimenez, Judit and Labarta, Jesus},
    isbn = {9781424437504},
    doi = {10.1109/IPDPS.2009.5161027},
    issn = {1530-2075}
}

@article{Hammer2015,
    title = {{Automatic Loop Kernel Analysis and Performance Modeling with Kerncraft}},
    year = {2015},
    journal = {Proceedings of the 6th International Workshop on Performance Modeling, Benchmarking, and Simulation of High Performance Computing Systems (PMBS '15)},
    author = {Hammer, Julian and Hager, Georg and Eitzinger, Jan and Wellein, Gerhard},
    pages = {1--11},
    url = {http://dl.acm.org/citation.cfm?id=2832087.2832092},
    isbn = {9781450340090},
    doi = {10.1145/2832087.2832092},
    arxivId = {1509.03778}
}

@article{Yotov2005,
    title = {{Automatic measurement of memory hierarchy parameters}},
    year = {2005},
    journal = {ACM SIGMETRICS Performance Evaluation Review},
    author = {Yotov, Kamen and Pingali, Keshav and Stodghill, Paul},
    number = {1},
    pages = {181},
    volume = {33},
    url = {http://portal.acm.org/citation.cfm?doid=1071690.1064233},
    isbn = {1595930221},
    doi = {10.1145/1071690.1064233},
    issn = {01635999}
}

@article{yotov2005automatic,
    title = {{Automatic measurement of memory hierarchy parameters}},
    year = {2005},
    journal = {ACM SIGMETRICS Performance Evaluation Review},
    author = {Yotov, Kamen and Pingali, Keshav and Stodghill, Paul},
    number = {1},
    pages = {181--192},
    volume = {33},
    publisher = {ACM}
}

@inproceedings{Cavazos2006,
    title = {{Automatic performance model construction for the fast software exploration of new hardware designs}},
    year = {2006},
    booktitle = {Proceedings of the 2006 international conference on Compilers, architecture and synthesis for embedded systems},
    author = {Cavazos, John and Dubach, Christophe and Agakov, Felix and Bonilla, Edwin and O'Boyle, Michael F P and Fursin, Grigori and Temam, Olivier},
    pages = {24--34},
    publisher = {ACM},
    isbn = {1595935436}
}

@inproceedings{whaley1998automatically,
    title = {{Automatically Tuned Linear Algebra Software}},
    year = {1998},
    booktitle = {Proceedings of the IEEE/ACM SC98 Conference},
    author = {Whaley, R.C. and Dongarra, J.J.},
    pages = {38--38},
    url = {http://ieeexplore.ieee.org/document/1437325/},
    organization = {IEEE},
    isbn = {0-8186-8707-X},
    doi = {10.1109/SC.1998.10004}
}

@article{Putigny2015,
    title = {{Benchmark-driven Approaches to Performance Modeling of Multi-Core Architectures}},
    year = {2015},
    author = {Putigny, Bertrand and Putigny, Bertrand and Approaches, Benchmark-driven and Modeling, Performance}
}

@phdthesis{putigny2014benchmark,
    title = {{Benchmark-driven Approaches to Performance Modeling of Multi-Core Architectures}},
    year = {2014},
    author = {Putigny, Bertrand},
    url = {https://tel.archives-ouvertes.fr/tel-00984791/document%5Cnhttps://tel.archives-ouvertes.fr/tel-00984791/},
    school = {Universit{\'{e}} de Bordeaux}
}

@book{bienia2011benchmarking,
    title = {{Benchmarking modern multiprocessors}},
    year = {2011},
    author = {Bienia, Christian and Li, Kai},
    publisher = {Princeton University Princeton}
}

@article{Treibig2012,
    title = {{Best practices for HPM-assisted performance engineering on modern multicore processors}},
    year = {2012},
    journal = {arXiv preprint arXiv:1206.3738},
    author = {Treibig, Jan and Hager, Georg and Wellein, Gerhard},
    pages = {10},
    url = {http://arxiv.org/abs/1206.3738},
    isbn = {9783642369483},
    doi = {10.1007/978-3-642-36949-0{\_}50},
    issn = {03029743},
    arxivId = {1206.3738}
}

@article{Saltz2018,
    title = {{Big Data and Extreme-Scale computing: pathways to convergence}},
    year = {2018},
    author = {Saltz, J},
    number = {Icl},
    url = {http://www.exascale.org/bdec/sites/www.exascale.org.bdec/files/whitepapers/bdec2017pathways.pdf}
}

@misc{DominikUlmer2016,
    title = {{Big data et HPC : Exploiter le big data de fa{\c{c}}on intelligente gr{\^{a}}ce au supercalcul}},
    year = {2016},
    author = {{Dominik Ulmer}},
    url = {https://www.decideo.fr/Big-data-et-HPC-Exploiter-le-big-data-de-facon-intelligente-grace-au-supercalcul_a8812.html}
}

@article{Chen2014,
    title = {{Big Data: A Survey}},
    year = {2014},
    journal = {Mobile Networks and Applications},
    author = {Chen, Min and Mao, Shiwen and Liu, Yunhao},
    number = {2},
    month = {4},
    pages = {171--209},
    volume = {19},
    publisher = {Springer-Verlag New York, Inc.},
    url = {http://link.springer.com/10.1007/s11036-013-0489-0},
    doi = {10.1007/s11036-013-0489-0},
    issn = {1383-469X},
    keywords = {Big data, Big data analysis, Cloud computing, Data center, Hadoop, Internet of things, Smart grid}
}

@misc{Lavenier2016,
    title = {{BLAST on UPMEM}},
    year = {2016},
    author = {Lavenier, Dominique and Deltel, Charles and Furodet, David and Roy, Jean-François},
    publisher = {INRIA Rennes-Bretagne Atlantique}
}

@misc{smith1983branch,
    title = {{Branch predictor using random access memory}},
    year = {1983},
    author = {Smith, James E},
    publisher = {Google Patents}
}

@article{Groves1995,
    title = {{Brief History of Computer Architecture Evolution and Future Trends}},
    year = {1995},
    author = {Groves, R. D.},
    pages = {147--159}
}

@article{Bennett2014,
    title = {{BSMBench: a flexible and scalable supercomputer benchmark from computational particle physics}},
    year = {2014},
    author = {Bennett, Ed and Del Debbio, Luigi and Jordan, Kirk and Lucini, Biagio and Patella, Agostino and Pica, Claudio and Rago, Antonio},
    url = {http://arxiv.org/abs/1401.3733%0Ahttp://dx.doi.org/10.1109/HPCSim.2016.7568421},
    doi = {10.1109/HPCSim.2016.7568421},
    arxivId = {1401.3733},
    keywords = {and the numerical techniques, as gauge theories, benchmarking, beyond, can also, developed to study qcd, family of models known, qcd lies in a, quantum chromodynamics, the standard model, xeon phi}
}

@inproceedings{Hirzel2001,
    title = {{Bursty tracing: A framework for low-overhead temporal profiling}},
    year = {2001},
    booktitle = {4th ACM Workshop on Feedback-Directed and Dynamic Optimization (FDDO-4)},
    author = {Hirzel, Martin and Chilimbi, Trishul},
    pages = {117--126}
}

@book{Przybylski1990,
    title = {{Cache and memory hierarchy design: a performance-directed approach}},
    year = {1990},
    author = {Przybylski, Steven A},
    publisher = {Morgan Kaufmann},
    isbn = {1558601368}
}

@misc{wikipedia_2019,
    title = {{Cache inclusion policy}},
    year = {2019},
    booktitle = {Wikipedia},
    author = {{Wikipedia}},
    month = {3},
    publisher = {Wikimedia Foundation},
    url = {https://en.wikipedia.org/wiki/Cache_inclusion_policy}
}

@inproceedings{CacheInje,
    title = {{Cache Injection for Parallel Applications}},
    year = {2011},
    booktitle = {Proceedings of the IEEE International Symposium on High Performance Distributed Computing},
    author = {Leon, Edgar and Riesen, Rolf and Ferreira, Kurt and Maccabe, Arthur},
    pages = {15--26},
    doi = {10.1145/1996130.1996135}
}

@misc{wikipedia2_2019,
    title = {{Cache replacement policies}},
    year = {2019},
    booktitle = {Wikipedia},
    author = {{Wikipedia}},
    month = {4},
    publisher = {Wikimedia Foundation},
    url = {https://en.wikipedia.org/wiki/Cache_replacement_policies}
}

@inproceedings{tang1976cache,
    title = {{Cache system design in the tightly coupled multiprocessor system}},
    year = {1976},
    booktitle = {Proceedings of the June 7-10, 1976, national computer conference and exposition},
    author = {Tang, Calvin K},
    pages = {749--753},
    organization = {ACM}
}

@article{Ilic2014,
    title = {{Cache-aware roofline model: Upgrading the loft}},
    year = {2014},
    journal = {IEEE Computer Architecture Letters},
    author = {Ilic, Aleksandar and Pratas, Frederico and Sousa, Leonel},
    number = {1},
    pages = {21--24},
    volume = {13},
    doi = {10.1109/L-CA.2013.6},
    issn = {15566056},
    keywords = {C.0.d Modeling of computer architecture {\&}lt; C.0 G, C.0.e System architectures, C.4.d Modeling techniques {\&}lt; C.4 Performance of, C.4.g Measurement, evaluation, integration and modeling {\&}lt; C.0 General {\&}lt; C C, modeling, simulation of multiple-processor systems {\&}lt; C.4}
}

@misc{McCalpin,
    title = {{Calculate the Max Flops on Skylake}},
    year = {2018},
    author = {McCalpin, John},
    url = {https://software.intel.com/en-us/forums/software-tuning-performance-optimization-platform-monitoring/topic/761046}
}

@inproceedings{Boehme2017,
    title = {{Caliper: Performance Introspection for HPC Software Stacks}},
    year = {2017},
    booktitle = {International Conference for High Performance Computing, Networking, Storage and Analysis, SC},
    author = {Boehme, David and Gamblin, Todd and Beckingsale, David and Bremer, Peer Timo and Gimenez, Alfredo and Legendre, Matthew and Pearce, Olga and Schulz, Martin},
    pages = {550--560},
    isbn = {9781467388153},
    doi = {10.1109/SC.2016.46},
    issn = {21674337},
    keywords = {Computer performance, High performance computing, Parallel processing, Performance analysis, Software performance, Software reusability, Software tools}
}

@inproceedings{Weaver2008,
    title = {{Can hardware performance counters be trusted?}},
    year = {2008},
    booktitle = {2008 IEEE International Symposium on Workload Characterization, IISWC'08},
    author = {Weaver, Vincent M. and McKee, Sally A.},
    isbn = {9781424427789},
    doi = {10.1109/IISWC.2008.4636099}
}

@article{Weaver2010,
    title = {{Can hardware performance counters produce expected, deterministic results}},
    year = {2010},
    journal = {Proceedings of Third Workshop on Functionality of Hardware Performance Monitoring},
    author = {Weaver, V and Dongarra, Jack}
}

@techreport{Gervasi2018,
    title = {{Carbon Nanotube Memory}},
    year = {2018},
    author = {Gervasi, Bill},
    url = {https://www.snia.org/sites/default/files/PM-Summit/2018/presentations/12_A_PMSummit_18_Gervasi_Final_Post.pdf}
}

@article{castro2015cere,
    title = {{CERE: LLVM-Based Codelet Extractor and REplayer for Piecewise Benchmarking and Optimization}},
    year = {2015},
    journal = {ACM Transactions on Architecture and Code Optimization},
    author = {Castro, Pablo De Oliveira and Akel, Chadi and Petit, Eric and Popov, Mihail and Jalby, William},
    number = {1},
    pages = {1--24},
    volume = {12},
    publisher = {ACM},
    url = {http://dl.acm.org/citation.cfm?id=2744295.2724717},
    doi = {10.1145/2724717},
    issn = {15443566},
    keywords = {Program replay, checkpoint restart, iterative optimization, performance prediction}
}

@article{Mandelman2002,
    title = {{Challenges and future directions for the scaling of dynamic random-access memory (DRAM)}},
    year = {2002},
    journal = {IBM Journal of Research and Development},
    author = {Mandelman, J. A. and Dennard, R. H. and Bronner, G. B. and DeBrosse, J. K. and Divakaruni, R. and Li, Y. and Radens, C. J.},
    number = {2.3},
    month = {3},
    pages = {187--212},
    volume = {46},
    url = {http://ieeexplore.ieee.org/document/5388990/},
    isbn = {0018-8646},
    doi = {10.1147/rd.462.0187},
    issn = {0018-8646}
}

@article{emma1987characterization,
    title = {{Characterization of Branch and Data Dependencies in Programs for Evaluating Pipeline Performance}},
    year = {1987},
    journal = {IEEE Transactions on Computers},
    author = {Emma, Philip G. and Davidson, Edward S.},
    number = {7},
    pages = {859--875},
    volume = {C-36},
    publisher = {IEEE},
    doi = {10.1109/TC.1987.1676981},
    issn = {00189340}
}

@article{Sithole2011,
    title = {{Characterization, monitoring and evaluation of operational performance trends on server processor hardware}},
    year = {2011},
    journal = {ACM SIGMETRICS Performance Evaluation Review},
    author = {Sithole, Ernest and McClean, Sally and Scotney, Bryan and Parr, Gerard and Moore, Adrian and Dawson, Stephen},
    number = {3},
    pages = {20},
    volume = {39},
    publisher = {ACM Press},
    url = {http://portal.acm.org/citation.cfm?doid=1958746.1958801},
    address = {New York, New York, USA},
    isbn = {9781450305198},
    doi = {10.1145/2160803.2160845},
    issn = {01635999},
    keywords = {benchmarks, performance evaluations, performance monitoring counters}
}

@article{Mellor2018,
    title = {{Chinese boffins on 3D XPoint: If it works like phase-change memory, it's probably phase-change memory}},
    year = {2018},
    journal = {Science China Information Sciences},
    author = {Mellor, Chris},
    number = {8},
    month = {8},
    pages = {081302},
    volume = {61},
    url = {http://link.springer.com/10.1007/s11432-018-9404-2},
    doi = {10.1007/s11432-018-9404-2}
}

@article{Nahrstedt2017,
    title = {{City-Scale Intelligent Systems and Platforms}},
    year = {2017},
    author = {Nahrstedt, Klara and Cassandras, Christos G. and Catlett, Charlie},
    month = {5},
    url = {http://arxiv.org/abs/1705.01990},
    arxivId = {1705.01990}
}

@misc{Lattner2016,
    title = {{Clang Static Analyzer}},
    year = {2016},
    author = {Lattner, Chris},
    url = {http://clang-analyzer.llvm.org/}
}

@inproceedings{Munipala2016,
    title = {{Code Complexity versus Performance for GPU-accelerated Scientific Applications}},
    year = {2016},
    booktitle = {2016 Fourth International Workshop on Software Engineering for High Performance Computing in Computational Science and Engineering (SE-HPCCSE)},
    author = {Munipala, A WK. Umayanganie and Moore, Shirley V.},
    month = {11},
    pages = {50--50},
    publisher = {IEEE},
    url = {http://ieeexplore.ieee.org/document/7839472/},
    isbn = {978-1-5090-5224-0},
    doi = {10.1109/SE-HPCCSE.2016.012}
}

@inproceedings{hoste2008cole,
    title = {{COLE : Compiler Optimization Level Exploration Categories and Subject Descriptors}},
    year = {2008},
    booktitle = {ACM conference on code generation and optimization},
    author = {Hoste, Kenneth and Eeckhout, Lieven},
    pages = {165--174},
    organization = {ACM},
    isbn = {9781595939784},
    doi = {10.1145/1356058.1356080},
    keywords = {all or part of, compiler optimization, is granted without fee, multi-objective search, or hard copies of, permission to make digital, personal or classroom use, provided that copies are, this work for}
}

@phdthesis{Palomares2015,
    title = {{Combiner approches statique et dynamique pour mod{\'{e}}liser la performance de boucles HPC}},
    year = {2015},
    booktitle = {http://www.theses.fr},
    author = {Palomares, Vincent},
    month = {9},
    publisher = {Versailles-St Quentin en Yvelines},
    url = {http://theses.fr/2015VERS040V}
}

@phdthesis{palomares2015combining,
    title = {{Combining static and dynamic approaches to model loop performance in HPC}},
    year = {2015},
    author = {Palomares, Vincent},
    school = {Universit{\'{e}} de Versailles-Saint Quentin en Yvelines}
}

@misc{EuroHPC2018,
    title = {{Commission Europ{\'{e}}enne - Communiqu{\'{e}} de presse HPC et EuroHPC}},
    year = {2018},
    author = {{EuroHPC}},
    url = {http://europa.eu/rapid/press-release_MEMO-18-3_en.htm}
}

@article{articleb,
    title = {{Computational RAM: Implementing processors in memory}},
    year = {1999},
    journal = {IEEE Design and Test of Computers},
    author = {Elliott, Duncan G. and Stumm, Michael and Snelgrove, W. Martin and Cojocaru, Christian and Mckenzie, Robert},
    number = {1},
    pages = {32--41},
    volume = {16},
    doi = {10.1109/54.748803},
    issn = {07407475}
}

@misc{boson,
    title = {{Computing at the Large Hadron Collider in the CMS experiment}},
    author = {{Daniel Bloch}},
    url = {http://www.iphc.cnrs.fr/IMG/pdf/bloch_calculcms_12mai15.pdf}
}

@phdthesis{Valat2016a,
    title = {{Contribution {\`{a}} l'am{\'{e}}lioration des m{\'{e}}thodes d’optimisation de la gestion de la m{\'{e}}moire dans le cadre du Calcul Haute Performance}},
    year = {2016},
    author = {Valat, Sébastien}
}

@phdthesis{Valat2016,
    title = {{Contribution {\`{a}} l'am{\'{e}}lioration des m{\'{e}}thodes d’optimisation de la gestion de la m{\'{e}}moire dans le cadre du Calcul Haute Performance}},
    year = {2016},
    author = {Valat, Sébastien},
    month = {7},
    publisher = {University de Versaille Saint-Quentin en Yvelines},
    url = {https://hal.archives-ouvertes.fr/tel-01253537/},
    keywords = {HPC, NUMA, OS, allocateur, allocator, caches, hierarchie, linux, malloc, memory, multi-coeurs, m{\'{e}}moire, operating system, optimisation, optimization, parallel, supercalculateur, syst{\`{e}}me d'exploitation, threads}
}

@article{Hamilton2009,
    title = {{Cooperative Expendable Micro-Slice Servers ( CEMS ): Low Cost , Low Power Servers for Internet-Scale Services}},
    year = {2009},
    journal = {Power},
    author = {Hamilton, James},
    pages = {1--8},
    url = {http://mvdirona.com/jrh/work http://www.mvdirona.com/jrh/TalksAndPapers/JamesHamilton_CEMS.pdf}
}

@article{Rupp2013,
    title = {{CPU , GPU and MIC Hardware Characteristics over Time}},
    year = {2013},
    author = {Rupp, Karl},
    url = {https://www.karlrupp.net/2013/06/cpu-gpu-and-mic-hardware-characteristics-over-time/}
}

@misc{Gregg2015,
    title = {{CPU Flame Graphs}},
    year = {2015},
    author = {Gregg, Brendan},
    url = {http://www.brendangregg.com/FlameGraphs/cpuflamegraphs.html}
}

@misc{LinuxManual2012,
    title = {{cpuid (4) - Linux manual page}},
    year = {2012},
    author = {{Linux Manual}},
    url = {http://man7.org/linux/man-pages/man4/cpuid.4.html}
}

@inproceedings{charif2014cqa,
    title = {{CQA: A Code Quality Analyzer tool at binary level using performance modeling and evaluation}},
    year = {2014},
    booktitle = {21th Annual International Conference on High Performance Computing - HiPC'14},
    author = {Charif-Rubial, Andres S and Oseret, Emmanuel and Lartigue, Ghislain and Jalby, William},
    pages = {1--10},
    url = {papers2://publication/uuid/8D4D0E54-EC8F-4AE5-BD4A-EC334C5D8F04},
    organization = {IEEE}
}

@article{Moore1998,
    title = {{Cramming More Components Onto Integrated Circuits}},
    year = {1965},
    journal = {Electronics},
    author = {Moore, G E},
    number = {8},
    month = {1},
    pages = {82--85},
    volume = {38},
    url = {http://scholar.google.com/scholar?q=related:JabE1kOqjR0J:scholar.google.com/&hl=en&num=30&as_sdt=0,5%5Cnpapers2://publication/uuid/3AFDBFE5-84E1-4F06-A839-05A7DB1A5348},
    isbn = {1558605398},
    doi = {10.1109/JPROC.1998.658762},
    issn = {0018-9219},
    pmid = {21527652}
}

@inproceedings{marin2004cross,
    title = {{Cross-architecture performance predictions for scientific applications using parameterized models}},
    year = {2004},
    booktitle = {ACM SIGMETRICS Performance Evaluation Review},
    author = {Marin, Gabriel and Mellor-Crummey, John},
    number = {1},
    pages = {2--13},
    volume = {32},
    organization = {ACM}
}

@incollection{brunst2013custom,
    title = {{Custom Hot Spot Analysis of HPC Software with the Vampir Performance Tool Suite}},
    year = {2013},
    booktitle = {Tools for High Performance Computing 2012},
    author = {Brunst, Holger and Weber, Matthias},
    pages = {95--114},
    publisher = {Springer},
    doi = {10.1007/978-3-642-37349-7{\_}7}
}

@misc{AliSalehi2012,
    title = {{Data Oriented Design – Ali Salehi | Programmer}},
    year = {2012},
    author = {{Ali Salehi}},
    url = {https://lordhippo.com/professional-work/f180/data-oriented-design/}
}

@article{Milenkovic2002,
    title = {{Demystifying Intel branch predictors}},
    year = {2002},
    journal = {Proceedings of the 2002 Workshop on Duplicating, Deconstructing and Debunking (WDDD'02)},
    author = {Milenkovic, Milena and Milenkovic, Aleksandar and Kulick, Jeffrey},
    number = {Figure 1}
}

@phdthesis{khabou2013dense,
    title = {{Dense matrix computations : communication cost and numerical stability}},
    year = {2013},
    author = {Khabou, Amal}
}

@article{Nowak2016,
    title = {{Dependence of voltage and size on write error rates in spin-transfer torque magnetic random-access memory}},
    year = {2016},
    journal = {IEEE Magnetics Letters},
    author = {Nowak, Janusz J and Robertazzi, Ray P and Sun, Jonathan Z and Hu, Guohan and Park, Jeong-Heon and Lee, JungHyuk and Annunziata, Anthony J and Lauer, Gen P and Kothandaraman, Raman and O’Sullivan, Eugene J},
    pages = {1--4},
    volume = {7},
    publisher = {IEEE},
    issn = {1949-307X}
}

@misc{BorisMarcaillou2013,
    title = {{D{\'{e}}ploiement de la fl{\^{u}}te et des canons sismiques}},
    year = {2013},
    author = {{Boris Marcaillou}},
    url = {https://ska-france.oca.eu/fr/antithesis-carnet-de-bord/200-deploiement-de-la-flute-et-des-canons-sismiques}
}

@techreport{Senoussi2018,
    title = {{Des Mod{\`{e}}les Statistiques}},
    year = {2018},
    author = {Senoussi, Rachid},
    url = {https://www.eccorev.fr/IMG/pdf/DesModelesStatistiques_RSenoussi.pdf}
}

@article{Dennard1974,
    title = {{Design for ion-implanted MOSFET’s with very small physical dimensions}},
    year = {1974},
    journal = {IEEE Journal of Solid-State Circuits},
    author = {Dennard, R. H. and Gaensslen, F. H. and Yu, H. N. and Rideout, V. L. and Bassous, E. and LeBlanc, A. R.},
    number = {5},
    month = {10},
    pages = {256--268},
    volume = {9},
    url = {http://ieeexplore.ieee.org/document/1050511/},
    doi = {10.1109/JSSC.1974.1050511},
    issn = {0018-9200}
}

@inproceedings{Molka2017,
    title = {{Detecting Memory-Boundedness with Hardware Performance Counters}},
    year = {2017},
    booktitle = {Proceedings of the 8th ACM/SPEC on International Conference on Performance Engineering - ICPE '17},
    author = {Molka, Daniel and Sch{\"{o}}ne, Robert and Hackenberg, Daniel and Nagel, Wolfgang E.},
    pages = {27--38},
    publisher = {ACM Press},
    url = {http://dl.acm.org/citation.cfm?doid=3030207.3030223},
    address = {New York, New York, USA},
    isbn = {9781450344043},
    doi = {10.1145/3030207.3030223},
    keywords = {benchmarking, hardware performance counters, performance analysis}
}

@inproceedings{Molka2017a,
    title = {{Detecting memory-boundedness with hardware performance counters}},
    year = {2017},
    booktitle = {Proceedings of the 8th ACM/SPEC on International Conference on Performance Engineering},
    author = {Molka, Daniel and Sch{\"{o}}ne, Robert and Hackenberg, Daniel and Nagel, Wolfgang E},
    pages = {27--38},
    publisher = {ACM},
    isbn = {1450344046}
}

@article{Mei2017,
    title = {{Dissecting GPU Memory Hierarchy Through Microbenchmarking}},
    year = {2017},
    journal = {IEEE Transactions on Parallel and Distributed Systems},
    author = {Mei, Xinxin and Chu, Xiaowen},
    number = {1},
    pages = {72--86},
    volume = {28},
    publisher = {IEEE},
    doi = {10.1109/TPDS.2016.2549523},
    issn = {10459219},
    keywords = {CUDA, GPU, cache structure, memory hierarchy, throughput}
}

@book{Hwang2012,
    title = {{Distributed and Cloud Computing}},
    year = {2012},
    author = {Hwang, Kai and Fox, Geoffrey C. and Dongarra, J. J.},
    url = {https://books.google.com/books?hl=fr&lr=&id=IjgVAgAAQBAJ&oi=fnd&pg=PP1&ots=9QSKg40G4B&sig=IL5fDIQZXvGB5QCIK3Ji3OFmPVg#v=onepage&q&f=false},
    isbn = {9780123858801}
}

@article{Gepner2012,
    title = {{Effective implementation of DGEMM on modern multicore CPU}},
    year = {2012},
    journal = {Procedia Computer Science},
    author = {Gepner, Pawel and Gamayunov, Victor and Fraser, David L.},
    pages = {126--135},
    volume = {9},
    publisher = {Elsevier Masson SAS},
    url = {http://dx.doi.org/10.1016/j.procs.2012.04.014},
    doi = {10.1016/j.procs.2012.04.014},
    issn = {18770509},
    keywords = {AVX, HPC, Intel, Performance}
}

@misc{Top500,
    title = {{Efficiency, Power, Cores... | TOP500 Supercomputer Sites}},
    author = {{Top500}},
    url = {https://www.top500.org/statistics/efficiency-power-cores/}
}

@misc{chou2004efficient,
    title = {{Efficient register file checkpointing to facilitate speculative execution}},
    year = {2004},
    author = {Chou, Yuan and Abraham, Santosh},
    publisher = {Google Patents}
}

@misc{Zijlstra2009,
    title = {{Email: Performance Counters for Linux}},
    year = {2009},
    author = {Zijlstra, Peter and Mackerras, Paul and Richter, Robert and De, Arnaldo Carvalho and Galbraith, Mike and Gleixner, Thomas and Fengguang, Wu and Singh, Jaswinder and Wang, Yong and Weisbecker, Frederic and Lu, Yinghai and Henriques, Luis and Paris, Eric and Ven, Arjan Van De and Blechmann, Tim and Whitehouse, Steven and Singh, Jaswinder and Anvin, H Peter and Seto, Hidetoshi and Aktas, Erdem and Morton, Andrew and Molnar, Ingo},
    pages = {1--11},
    isbn = {0000000000}
}

@inproceedings{london2001end,
    title = {{End-user Tools for Application Performance Analysis Using Hardware Counters.}},
    year = {2001},
    booktitle = {ISCA PDCS},
    author = {London, Kevin S and Dongarra, Jack and Moore, Shirley and Mucci, Philip and Seymour, Keith and Spencer, Thomas},
    pages = {460--465}
}

@book{Gough2015,
    title = {{Energy Efficient Servers}},
    year = {2015},
    booktitle = {Appliance Design},
    author = {Gough, Corey and Steiner, Ian and Saunders, Winston},
    number = {7},
    pages = {9},
    volume = {57},
    url = {http://search.ebscohost.com/login.aspx?direct=true&db=bth&AN=42634069&site=ehost-live%5Cnhttp://link.springer.com/10.1007/978-1-4302-6638-9},
    isbn = {978-1-4302-6637-2},
    doi = {10.1007/978-1-4302-6638-9},
    issn = {15525937},
    keywords = {CLIENT/SERVER computing, COMPUTERS, ENERGY conservation, UNITED States, UNITED States. Environmental Protection Agency, WASHINGTON (D.C.)}
}

@article{wolff1957entrepreneurs,
    title = {{Entrepreneurs et firmes. Ford et Renault de leurs d{\'{e}}buts {\`{a}} 1914}},
    year = {1957},
    journal = {Revue {\'{e}}conomique},
    author = {Wolff, Jacques},
    number = {2},
    pages = {297--323},
    volume = {8},
    publisher = {JSTOR},
    doi = {10.3406/reco.1957.407233},
    issn = {0035-2764}
}

@misc{Ricart2008,
    title = {{Etude de nano-syst{\`{e}}mes {\'{e}}lectro-m{\'{e}}caniques (NEMS) {\`{a}} base de nanotubes de carbone pour applications hyperfr{\'{e}}quences}},
    year = {2008},
    author = {Ricart, Thibault},
    publisher = {Universit{\'{e}} Paul Sabatier-Toulouse III}
}

@inproceedings{SergiGirona2018,
    title = {{EuroHPC, Exascale for Europe}},
    year = {2018},
    booktitle = {ISC18},
    author = {{Sergi Girona}},
    url = {https://2018.isc-program.com/presentation/?id=inv_sp108&sess=sess120},
    organization = {ISC18}
}

@phdthesis{Prestor2001,
    title = {{Evaluating the Memory Performance of a ccNUMA System}},
    year = {2001},
    author = {Prestor, Uroš},
    url = {http://www.sgidepot.co.uk/origin/thesis.pdf}
}

@article{Diamond2011,
    title = {{Evaluation and optimization of multicore performance bottlenecks in supercomputing applications}},
    year = {2011},
    journal = {ISPASS 2011 - IEEE International Symposium on Performance Analysis of Systems and Software},
    author = {Diamond, Jeff and Burtscher, Martin and McCalpin, John D. and Kim, Byoung Do and Keckler, Stephen W. and Browne, James C.},
    number = {December 2016},
    pages = {32--43},
    isbn = {9781612843681},
    doi = {10.1109/ISPASS.2011.5762713}
}

@inproceedings{Intel:turbo,
    title = {{Evaluation of the Intel{\textregistered}Core™ i7 Turbo Boost feature}},
    year = {2009},
    booktitle = {2009 IEEE International Symposium on Workload Characterization (IISWC)},
    author = {Charles, James and Jassi, Preet and Ananth, Narayan S and Sadat, Abbas and Fedorova, Alexandra},
    pages = {188--197},
    organization = {IEEE}
}

@article{John2007,
    title = {{Exact cache characterization by experimental parameter extraction}},
    year = {2007},
    journal = {Proceedings of the 15th International Conference on Real-Time and Network Systems RTNS07},
    author = {John, Tobias and Baumgartl, Robert},
    pages = {65--74}
}

@article{Unat2015,
    title = {{ExaSAT: An exascale co-design tool for performance modeling}},
    year = {2015},
    journal = {International Journal of High Performance Computing Applications},
    author = {Unat, Didem and Chan, Cy and Zhang, Weiqun and Williams, Samuel and Bachan, John and Bell, John and Shalf, John},
    number = {2},
    pages = {209--232},
    volume = {29},
    doi = {10.1177/1094342014568690},
    issn = {17412846},
    keywords = {Performance modeling, abstract machine model, cache modeling, combustion codes, compiler analysis, design trade-offs, exascale co-design, exascale systems, performance analysis, stencil applications}
}

@article{HPE2016,
    title = {{Exascale : A race to the future of HPC}},
    year = {2016},
    journal = {HP white paper},
    author = {{HPE}}
}

@article{Kothe2016,
    title = {{Exascale Applications: Opportunities and Challenges}},
    year = {2016},
    author = {Kothe, Douglas B}
}

@article{Reed2015a,
    title = {{Exascale computing and big data}},
    year = {2015},
    journal = {Communications of the ACM},
    author = {Reed, Daniel A. and Dongarra, Jack},
    number = {7},
    month = {6},
    pages = {56--68},
    volume = {58},
    publisher = {ACM},
    url = {http://dl.acm.org/citation.cfm?doid=2797100.2699414},
    doi = {10.1145/2699414},
    issn = {00010782}
}

@article{Reed2015,
    title = {{Exascale computing and big data}},
    year = {2015},
    journal = {Communications of the ACM},
    author = {Reed, Daniel A. and Dongarra, Jack},
    number = {7},
    pages = {56--68},
    volume = {58},
    publisher = {ACM},
    url = {http://dl.acm.org/citation.cfm?doid=2797100.2699414},
    isbn = {0001-0782},
    doi = {10.1145/2699414},
    issn = {00010782},
    arxivId = {1309.5821}
}

@article{bergman2008exascale,
    title = {{ExaScale Computing Study : Technology Challenges in Achieving Exascale Systems}},
    year = {2008},
    journal = {(P. Kogge, Editor and Study Lead)},
    author = {Kogge, Peter and Bergman, K and Borkar, S and Campbell, Dan and Carson, W and Dally, W and Denneau, M and Franzon, P and Harrod, W and Hill, K and Hiller, Jon and Richards, Mark and Snavely, Allan},
    pages = {1--278},
    volume = {TR-2008-13},
    url = {http://scholar.google.com/scholar?hl=en&btnG=Search&q=intitle:ExaScale+Computing+Study+:+Technology+Challenges+in+Achieving+Exascale+Systems#0},
    isbn = {FA8650-07-C-7724},
    doi = {10.1.1.165.6676},
    keywords = {exascale, parallel architecture, parallel benchmarks}
}

@incollection{Shalf2011,
    title = {{Exascale Computing Technology Challenges}},
    year = {2011},
    author = {Shalf, John and Dosanjh, Sudip and Morrison, John},
    pages = {1--25},
    publisher = {Springer, Berlin, Heidelberg},
    url = {http://link.springer.com/10.1007/978-3-642-19328-6_1},
    doi = {10.1007/978-3-642-19328-6{\_}1}
}

@inproceedings{Shalf2010,
    title = {{Exascale computing technology challenges}},
    year = {2010},
    booktitle = {International Conference on High Performance Computing for Computational Science},
    author = {Shalf, John and Dosanjh, Sudip and Morrison, John},
    pages = {1--25},
    publisher = {Springer}
}

@book{Straatsma2017,
    title = {{Exascale Scientific Applications: Scalability and Performance Portability}},
    year = {2017},
    author = {Straatsma, Tjerk P. and Antypas, K B and Williams, T J},
    pages = {567},
    url = {https://books.google.fr/books?id=smlQDwAAQBAJ&hl=fr&lr= https://books.google.com/books?id=rGQ-DwAAQBAJ},
    isbn = {9781351999236}
}

@techreport{Ang2016,
    title = {{Exascale System and Node Architectures}},
    year = {2016},
    author = {Ang, James A},
    publisher = {Sandia National Lab.(SNL-NM), Albuquerque, NM (United States)}
}

@article{Hofmann2015,
    title = {{Execution-Cache-Memory Performance Model: Introduction and Validation}},
    year = {2015},
    author = {Hofmann, Johannes and Eitzinger, Jan and Fey, Dietmar},
    month = {9},
    url = {http://arxiv.org/abs/1509.03118},
    arxivId = {1509.03118}
}

@inproceedings{dubach2008exploring,
    title = {{Exploring and predicting the architecture/optimising compiler co-design space}},
    year = {2008},
    booktitle = {Proceedings of the 2008 international conference on Compilers, architectures and synthesis for embedded systems},
    author = {Dubach, Christophe and Jones, Timothy M. and O'Boyle, Michael F.P.},
    pages = {31},
    organization = {ACM},
    doi = {10.1145/1450095.1450103}
}

@article{Goglin2016,
    title = {{Exposing the Locality of Heterogeneous Memory Architectures to HPC Applications}},
    year = {2016},
    journal = {Proceedings of the Second International Symposium on Memory Systems - MEMSYS '16},
    author = {Goglin, Brice},
    pages = {30--39},
    url = {http://dl.acm.org/citation.cfm?doid=2989081.2989115},
    isbn = {9781450343053},
    doi = {10.1145/2989081.2989115},
    keywords = {-heterogeneous memory, affinity, high-, linux, locality, nodes and caches with, performance computing, respect to, structural modeling, the locality of numa, user-space runtimes}
}

@inproceedings{Cabezas2014,
    title = {{Extending the roofline model: Bottleneck analysis with microarchitectural constraints}},
    year = {2014},
    booktitle = {IISWC 2014 - IEEE International Symposium on Workload Characterization},
    author = {Cabezas, Victoria Caparros and Puschel, Markus},
    pages = {222--231},
    isbn = {9781479964536},
    doi = {10.1109/IISWC.2014.6983061},
    issn = {1349-2543}
}

@misc{sedan,
    title = {{External Flow Over a Passenger Sedan}},
    author = {{Ansys}},
    url = {https://www.ansys.com/solutions/solutions-by-role/it-professionals/platform-support/benchmarks-overview/ansys-fluent-benchmarks/ansys-fluent-benchmarks-release-16/external-flow-over-a-passenger-sedan}
}

@inproceedings{Trahay2011,
    title = {{EZTrace: a generic framework for performance analysis}},
    year = {2011},
    booktitle = {International Symposium on Cluster, Cloud and Grid Computing (CCGrid)},
    author = {Trahay, François and Rue, François and Faverge, Mathieu and Ishikawa, Yutaka and Namyst, Raymond and Dongarra, Jack},
    month = {5},
    pages = {618--619},
    publisher = {IEEE},
    url = {http://ieeexplore.ieee.org/document/5948661/},
    isbn = {978-1-4577-0129-0},
    doi = {10.1109/CCGrid.2011.83}
}

@inproceedings{frigo1998fftw,
    title = {{FFTW: An adaptive software architecture for the FFT}},
    year = {1998},
    booktitle = {ICASSP, IEEE International Conference on Acoustics, Speech and Signal Processing - Proceedings},
    author = {Frigo, Matteo and Johnson, Steven G.},
    pages = {1381--1384},
    volume = {3},
    organization = {IEEE},
    isbn = {0780344286},
    doi = {10.1109/ICASSP.1998.681704},
    issn = {15206149}
}

@phdthesis{Larysch2016,
    title = {{Fine-Grained Estimation of Memory Bandwidth Utilization}},
    year = {2016},
    author = {Larysch, Florian},
    number = {September 2015}
}

@article{238389,
    title = {{First draft of a report on the EDVAC}},
    year = {1993},
    journal = {IEEE Annals of the History of Computing},
    author = {von Neumann, J},
    number = {4},
    pages = {27--75},
    volume = {15},
    doi = {10.1109/85.238389},
    issn = {1058-6180},
    keywords = {digital computers;history;history;EDVAC;automatic}
}

@misc{Top5002018a,
    title = {{First supercomputer in 1994}},
    year = {2018},
    author = {{Top500}},
    url = {https://www.top500.org/featured/systems/intel-xps-140-paragon-sandia-national-labs/#Historical}
}

@article{GeoffreyFoxJhaShantenu2015,
    title = {{First workshop on streaming and steering applications: Requirements and infrastructure}},
    year = {2015},
    author = {Geoffrey Fox, Jha Shantenu, and Lavanya Ramakrishnan},
    pages = {1--24},
    url = {http://streamingsystems.org/stream2015.html}
}

@misc{Wikipedia2019Porte,
    title = {{Fonction logique}},
    year = {2019},
    author = {{Wikipedia}},
    url = {https://fr.wikipedia.org/wiki/Fonction_logique#Les_portes_logiques_à_transistors}
}

@misc{Wikibooks2019PorteNand,
    title = {{Fonctionnement d'un ordinateur}},
    year = {2019},
    author = {{Wikibooks}},
    url = {https://fr.wikibooks.org/wiki/Fonctionnement_d%27un_ordinateur/Les_transistors_et_portes_logiques}
}

@misc{Mewtow2017,
    title = {{Fonctionnement d'un ordinateur - La consommation d'{\'{e}}nergie d'un ordinateur}},
    year = {2017},
    author = {{Mewtow}},
    url = {https://fr.wikibooks.org/wiki/Fonctionnement_d%27un_ordinateur/La_consommation_d%27énergie_d%27un_ordinateur#L'influence_de_la_loi_de_Moore}
}

@article{Neill2017b,
    title = {{Fuse: Accurate Multiplexing of Hardware Performance Counters Across Executions}},
    year = {2017},
    journal = {ACM Transactions on Architecture and Code Optimization},
    author = {Neill, Richard and Drebes, Andi and Pop, Antoniu},
    number = {4},
    month = {12},
    pages = {1--26},
    volume = {14},
    publisher = {ACM},
    url = {http://dl.acm.org/citation.cfm?doid=3154814.3148054 https://doi.org/10.1145/3148054%0Ahttp://dl.acm.org/citation.cfm?doid=3154814.3148054},
    doi = {10.1145/3148054},
    issn = {15443566},
    keywords = {@BULLET General and reference → Performance, Additional Key Words and Phrases, CCS Concepts, Hardware event monitoring, Measurement, Parallel programming lan-guages, hardware event multiplexing, performance monitoring counters, task-parallel performance analysis}
}

@article{LeCun1989,
    title = {{Generalization and network design strategies}},
    year = {1989},
    journal = {Connectionism in perspective},
    author = {LeCun, Yann},
    pages = {143--155},
    publisher = {Citeseer}
}

@misc{Linux,
    title = {{gettimeofday(2) - Linux manual page}},
    author = {{Linux}},
    url = {http://man7.org/linux/man-pages/man2/gettimeofday.2.html}
}

@inproceedings{HPC:gpu,
    title = {{GPU clusters for high-performance computing}},
    year = {2009},
    booktitle = {2009 IEEE International Conference on Cluster Computing and Workshops},
    author = {Kindratenko, Volodymyr V. and Enos, Jeremy J. and Shi, Guochun and Showerman, Michael T. and Arnold, Galen W. and Stone, John E. and Phillips, James C. and Hwu, Wen-mei},
    pages = {1--8},
    organization = {IEEE},
    doi = {10.1109/clustr.2009.5289128}
}

@article{Muddukrishna2016,
    title = {{Grain Graphs: OpenMP Performance Analysis Made Easy}},
    year = {2016},
    journal = {PPoPP: Symposium on Principles and Practice of Parallel Programming},
    author = {Muddukrishna, Ananya and Jonsson, Peter a. and Podobas, Artur and Brorsson, Mats},
    isbn = {9781450340922},
    doi = {10.1145/2851141.2851156},
    issn = {0362-1340}
}

@inproceedings{Bare2010,
    title = {{Hardware performance counter-based problem diagnosis for e-commerce systems}},
    year = {2010},
    booktitle = {Proceedings of the 2010 IEEE/IFIP Network Operations and Management Symposium, NOMS 2010},
    author = {Bare, Keith A. and Kavulya, Soila and Narasimhan, Priya},
    isbn = {9781424453672},
    doi = {10.1109/NOMS.2010.5488457}
}

@article{Abbas2017,
    title = {{Hardware performance counters based runtime anomaly detection using SVM}},
    year = {2017},
    journal = {TRON Symposium {\ldots}},
    author = {Abbas, Muhamed Fauzi Bin and Kadiyala, Sai Praveen and Prakash, Alok and {...}},
    month = {12},
    pages = {1--9},
    publisher = {IEEE},
    url = {http://ieeexplore.ieee.org/document/8275073/ http://ieeexplore.ieee.org/abstract/document/8275073/},
    isbn = {9784893623317},
    doi = {10.23919/TRONSHOW.2017.8275073}
}

@inproceedings{Leng2017,
    title = {{Hardware performance counters for system reliability monitoring}},
    year = {2017},
    booktitle = {2017 2nd International Verification and Security Workshop, IVSW 2017},
    author = {Leng, Elena Woo Lai and Zwolinski, Mark and Halak, Basel},
    month = {7},
    pages = {76--81},
    publisher = {IEEE},
    url = {http://ieeexplore.ieee.org/document/8031548/},
    isbn = {9781538617083},
    doi = {10.1109/IVSW.2017.8031548}
}

@article{Moseley2011,
    title = {{Hardware performance monitoring for the rest of us: A position and survey}},
    year = {2011},
    journal = {Lecture Notes in Computer Science (including subseries Lecture Notes in Artificial Intelligence and Lecture Notes in Bioinformatics)},
    author = {Moseley, Tipp and Vachharajani, Neil and Jalby, William},
    pages = {293--312},
    volume = {6985 LNCS},
    isbn = {9783642244025},
    doi = {10.1007/978-3-642-24403-2{\_}23},
    issn = {03029743}
}

@inproceedings{Moseley2011a,
    title = {{Hardware performance monitoring for the rest of us: a position and survey}},
    year = {2011},
    booktitle = {IFIP International Conference on Network and Parallel Computing},
    author = {Moseley, Tipp and Vachharajani, Neil and Jalby, William},
    pages = {293--312},
    publisher = {Springer}
}

@article{de1997hardware,
    title = {{Hardware/Software Co-Design}},
    year = {1996},
    journal = {Proceedings of the IEEE},
    author = {Micheli, Giovanni De and Sami, Mariagiovanna},
    number = {3},
    pages = {349--365},
    volume = {85},
    publisher = {IEEE},
    isbn = {9780792338833}
}

@misc{ChrisEvans2017,
    title = {{Has NVMe Killed off NVDIMM? | Architecting IT}},
    year = {2017},
    author = {{Chris Evans}},
    url = {https://blog.architecting.it/has-nvme-killed-off-nvdimm/}
}

@article{AMD,
    title = {{HBM: REINVENTING MEMORY TECHNOLOGY}},
    author = {{AMD}},
    url = {https://www.amd.com/Documents/High-Bandwidth-Memory-HBM.pdf}
}

@article{Poncet2013,
    title = {{High performance computing challenges for research and industrial simulation codes}},
    year = {2013},
    journal = {hal.archives-ouvertes.fr},
    author = {Poncet, Raphaël},
    url = {https://hal.archives-ouvertes.fr/hal-00855832/}
}

@book{Jeannot2014,
    title = {{High Performance Computing on Complex Environments}},
    year = {2014},
    author = {Jeannot, Emmanuel. and Žilinskas, J},
    pages = {395},
    url = {http://ezproxy.eafit.edu.co/login?url=http://search.ebscohost.com/login.aspx?direct=true&db=edsebk&AN=756266&lang=es&site=eds-live},
    isbn = {9781118712054},
    keywords = {COMPUTERS / Programming / Parallel, High performance computing}
}

@book{Stone:1987:HCA:31845,
    title = {{High-performance Computer Architecture}},
    year = {1987},
    author = {Stone, Harold S},
    publisher = {Addison-Wesley Longman Publishing Co., Inc.},
    address = {Boston, MA, USA},
    isbn = {0-201-16802-2}
}

@inproceedings{Lobet2018,
    title = {{High-Performance Computing at Exascale: challenges and benefits}},
    year = {2018},
    booktitle = {15{\`{e}}me congr{\'{e}}s de la Soci{\'{e}}t{\'{e}} Fran{\c{c}}aise de Physique division Plasma},
    author = {Lobet, Mathieu and Haefele, Matthieu and Soni, Vineet and Tamain, Patrick and Derouillat, Julien and Beck, Arnaud}
}

@article{Wulf1995a,
    title = {{Hitting the memory wall}},
    year = {1995},
    journal = {ACM SIGARCH Computer Architecture News},
    author = {Wulf, Wm. A. and McKee, Sally A.},
    number = {1},
    month = {3},
    pages = {20--24},
    volume = {23},
    publisher = {ACM},
    url = {http://portal.acm.org/citation.cfm?doid=216585.216588},
    doi = {10.1145/216585.216588},
    issn = {01635964}
}

@article{Wulf1995,
    title = {{Hitting the memory wall: implications of the obvious}},
    year = {1995},
    journal = {ACM SIGARCH computer architecture news},
    author = {Wulf, Wm A and McKee, Sally A},
    number = {1},
    pages = {20--24},
    volume = {23},
    publisher = {ACM},
    issn = {0163-5964}
}

@inproceedings{Yang2004,
    title = {{HotSpot Cache: Joint Temporal and Spatial Locality Exploitation for I-Cache Energy Reduction}},
    year = {2004},
    booktitle = {Proceedings of the International Symposium on Low Power Electronics and Design},
    author = {Yang, Chia Lin and Lee, Chien Hao},
    number = {January},
    pages = {114--119},
    volume = {2004-Janua},
    publisher = {ACM},
    isbn = {1581139292},
    doi = {10.1109/LPE.2004.240812},
    issn = {15334678},
    keywords = {Embedded Systems, Instruction Cache, Low Power Design}
}

@misc{JohnMcCalpin2015,
    title = {{How to read performance counters by rdpmc instruction?}},
    year = {2015},
    author = {{John McCalpin}},
    url = {https://software.intel.com/en-us/forums/software-tuning-performance-optimization-platform-monitoring/topic/595214}
}

@techreport{JoshFryman2016,
    title = {{HPC Memory Subsystem Beyond Myths and Hype}},
    year = {2016},
    author = {{Josh Fryman}},
    url = {http://scc.acad.bg/ncsa/articles/library/Library2016_Supercomputers-at-Work/ISC2016_Frankfurt/HPC_Memory_Subsystem.pdf}
}

@article{Broquedis2010,
    title = {{hwloc: A generic framework for managing hardware affinities in HPC applications}},
    year = {2010},
    journal = {Proceedings of the 18th Euromicro Conference on Parallel, Distributed and Network-Based Processing, PDP 2010},
    author = {Broquedis, François and Clet-Ortega, Jérôme and Moreaud, Stéphanie and Furmento, Nathalie and Goglin, Brice and Mercier, Guillaume and Thibault, Samuel and Namyst, Raymond},
    pages = {180--186},
    isbn = {9780769539393},
    doi = {10.1109/PDP.2010.67},
    issn = {1066-6192}
}

@article{Marr2002,
    title = {{Hyper-Threading Technology Architecture and Microarchitecture}},
    year = {2002},
    journal = {Intel Technology Journal},
    author = {Marr, Deborah T and Binns, Frank and Hill, David L and Hinton, Glenn and Koufaty, David a and Miller, J Alan and Upton, Michael},
    number = {1},
    pages = {1--12},
    volume = {6},
    url = {http://download.intel.com/technology/itj/2002/volume06issue01/art01_hyper/vol6iss1_art01.pdf},
    isbn = {1535766X},
    doi = {11.1535/itj.1101.08},
    issn = {1535766X}
}

@misc{Britannica,
    title = {{IBM OS/360 | operating system | Britannica.com}},
    booktitle = {IBM},
    author = {{Britannica}},
    url = {https://www.britannica.com/technology/IBM-OS-360}
}

@inproceedings{Becker1988,
    title = {{Improving the convergence of back-propagation learning with second order methods}},
    year = {1988},
    booktitle = {Proceedings of the 1988 connectionist models summer school},
    author = {Becker, Sue and Le Cun, Yann},
    pages = {29--37},
    publisher = {San Matteo, CA: Morgan Kaufmann}
}

@article{intel64and,
    title = {{Intel 64 and IA-32 Architectures Software Developer’s Manual}},
    year = {2013},
    journal = {Volume 3b: System Programming Guide (Part 2)},
    author = {{Intel}},
    pages = {14--19},
    volume = {1}
}

@article{Intel2017,
    title = {{Intel 64 and IA-32 architectures software developer’s manual combined volumes: 1, 2A, 2B, 2C, 2D, 3A, 3B, 3C, 3D, and 4}},
    year = {2017},
    author = {{Intel}}
}

@misc{Hill,
    title = {{Intel And Micron Announce Partnership For Second Gen 3D XPoint Memory To Further Advance Optane Storage}},
    author = {Hill, Brandon},
    publisher = {HotHardware},
    url = {https://hothardware.com/news/intel-micron-3d-xpoint-optane-2nd-gen}
}

@misc{Cutress2018,
    title = {{Intel Launches Optane DIMMs Up To 512GB: Apache Pass Is Here!}},
    year = {2018},
    author = {Cutress, IAN},
    url = {https://www.anandtech.com/show/12828/intel-launches-optane-dimms-up-to-512gb-apache-pass-is-here}
}

@misc{RobertD.2011,
    title = {{Intel PMT}},
    year = {2011},
    author = {{Robert D.}},
    url = {https://software.intel.com/en-us/articles/intel-platform-modeling-with-machine-learning/}
}

@misc{Aspsys,
    title = {{Intel Xeon Scalable Family of Processors - High Performance Computers | Aspen Systems}},
    author = {{aspsys}},
    url = {https://www.aspsys.com/solutions/hpc-processors/intel/}
}

@misc{Intel:4110,
    title = {{Intel Xeon Silver 4110 Processor (11M Cache, 2.10 GHz) Product Specifications}},
    author = {{Intel}},
    url = {https://ark.intel.com/content/www/us/en/ark/products/123547/intel-xeon-silver-4110-processor-11m-cache-2-10-ghz.html}
}

@techreport{Intel2017a,
    title = {{Intel {\textregistered} Xeon Processor Scalable Family}},
    year = {2017},
    author = {{Intel}},
    number = {July},
    pages = {1--134},
    url = {https://www.intel.com/content/dam/www/public/us/en/documents/specification-updates/xeon-scalable-spec-update.pdf},
    keywords = {336062, datasheet, electrical, xeon bronze processors, xeon gold processors, xeon platinum processors, xeon processor scalable family, xeon silver processors}
}

@article{guide2011intel,
    title = {{Intel{\textregistered}64 and ia-32 architectures software developer’s manual}},
    year = {2011},
    author = {{Intel}},
    volume = {2}
}

@article{cpu:intel_doc,
    title = {{Intel{\textregistered}64 and ia-32 architectures software developer’s manual}},
    year = {2011},
    journal = {Volume 3B: System programming Guide, Part},
    author = {Guide, Part},
    volume = {2}
}

@inproceedings{Williams2004,
    title = {{Interactive binary instrumentation}},
    year = {2004},
    booktitle = {Second International Workshop on Remote Analysis and Measurement of Software Systems (RAMSS)},
    author = {Williams, Chadd C and Hollingsworth, Jeffrey K}
}

@techreport{Meunier2017,
    title = {{Introduction Fonctionnement des m{\'{e}}moires cache Optimisation des m{\'{e}}moires cache Fonctionnement et Optimisation des M{\'{e}}moires Cache}},
    year = {2017},
    author = {Meunier, Quentin},
    url = {http://www-soc.lip6.fr/~meunier/docs/archi3_cours1.pdf}
}

@techreport{Jalby2013,
    title = {{Introduction To Performance Analysis}},
    year = {2013},
    author = {Jalby, William},
    url = {http://calcul.math.cnrs.fr/IMG/pdf/MdS_WJ_2013_V4.pdf}
}

@article{Luszczek2005,
    title = {{Introduction to the HPC challenge benchmark suite}},
    year = {2005},
    journal = {Challenge},
    author = {Luszczek, Piotr and Dongarra, Jack J. and Koester, David and Rabenseifner, Rolf and Lucas, Bob and Kepner, Jeremy and McCalpin, John and Bailey, David and Takahashi, Daisuke},
    number = {December},
    pages = {13},
    url = {http://escholarship.org/uc/item/6sv079jp.pdf},
    isbn = {ICL-UT-05-01}
}

@misc{JDEC2016,
    title = {{JEDEC Updates Groundbreaking High Bandwidth Memory (HBM) Standard}},
    year = {2016},
    author = {{JDEC}},
    url = {https://www.jedec.org/news/pressreleases/jedec-updates-groundbreaking-high-bandwidth-memory-hbm-standard}
}

@misc{JohnMcCalpin2010,
    title = {{John McCalpin's blog » Blog Archive » Optimizing AMD Opteron Memory Bandwidth, Part 1: single-thread, read-only}},
    year = {2010},
    author = {{John McCalpin}},
    url = {http://sites.utexas.edu/jdm4372/2010/11/03/optimizing-amd-opteron-memory-bandwidth-part-1-single-thread-read-only/}
}

@inproceedings{Intel:knl,
    title = {{Knights landing (KNL): 2nd Generation Intel Xeon Phi processor}},
    year = {2015},
    booktitle = {2015 IEEE Hot Chips 27 Symposium, HCS 2015},
    author = {Sodani, Avinash},
    pages = {1--24},
    organization = {IEEE},
    isbn = {9781467388856},
    doi = {10.1109/HOTCHIPS.2015.7477467}
}

@misc{Total2014,
    title = {{La difficile d{\'{e}}cision de lancer un forage | Plan{\`{e}}te {\'{E}}nergies}},
    year = {2014},
    author = {{Total}},
    url = {https://www.planete-energies.com/fr/medias/decryptages/la-difficile-decision-de-lancer-un-forage}
}

@article{CEA2010,
    title = {{La simulation num{\'{e}}rique}},
    year = {2010},
    author = {{CEA}},
    number = {1},
    pages = {1--9}
}

@article{Boroumand2017,
    title = {{LazyPIM: An Efficient Cache Coherence Mechanism for Processing-in-Memory}},
    year = {2017},
    journal = {IEEE Computer Architecture Letters},
    author = {Boroumand, Amirali and Ghose, Saugata and Patel, Minesh and Hassan, Hasan and Lucia, Brandon and Hsieh, Kevin and Malladi, Krishna T. and Zheng, Hongzhong and Mutlu, Onur},
    number = {1},
    month = {1},
    pages = {46--50},
    volume = {16},
    url = {http://ieeexplore.ieee.org/document/7485993/},
    doi = {10.1109/LCA.2016.2577557},
    issn = {1556-6056}
}

@book{Vie1996,
    title = {{Les Cahiers de Science et Vie, Hors s{\'{e}}rie N36 : Qui a invent{\'{e}} l’ordinateur ?}},
    year = {1996},
    author = {Vie, Science et}
}

@misc{H20202018,
    title = {{Les diff{\'{e}}rents types de financements - Horizon 2020}},
    year = {2018},
    author = {{H2020}},
    url = {http://www.horizon2020.gouv.fr/cid81981/les-differents-instruments-regimes-financement.html}
}

@inproceedings{Bergman2011,
    title = {{Let there be light!: the future of memory systems is photonics and 3D stacking}},
    year = {2011},
    booktitle = {Proceedings of the 2011 ACM SIGPLAN Workshop on Memory Systems Performance and Correctness},
    author = {Bergman, Keren and Hendry, Gilbert and Hargrove, Paul and Shalf, John and Jacob, Bruce and Hemmert, K Scott and Rodrigues, Arun and Resnick, David},
    pages = {43--48},
    publisher = {ACM},
    isbn = {1450307949}
}

@incollection{Treibig2012a,
    title = {{Likwid-bench: An extensible microbenchmarking platform for x86 multicore compute nodes}},
    year = {2012},
    booktitle = {Proceedings of the 5th International Workshop on Parallel Tools for High Performance Computing 2011},
    author = {Treibig, Jan and Hager, Georg and Wellein, Gerhard},
    pages = {27--36},
    publisher = {Springer},
    isbn = {9783642314759},
    doi = {10.1007/978-3-642-31476-6{\_}3}
}

@article{Treibig2010,
    title = {{LIKWID: A lightweight performance-oriented tool suite for x86 multicore environments}},
    year = {2010},
    journal = {Proceedings of the International Conference on Parallel Processing Workshops},
    author = {Treibig, Jan and Hager, Georg and Wellein, Gerhard},
    number = {December 2016},
    pages = {207--216},
    isbn = {9780769541570},
    doi = {10.1109/ICPPW.2010.38},
    issn = {15302016},
    arxivId = {1004.4431}
}

@article{Treibig2011,
    title = {{LIKWID: Lightweight Performance Tools}},
    year = {2011},
    journal = {Competence in High Performance {\ldots}},
    author = {Treibig, Jan and Hager, Georg and Wellein, Gerhard},
    pages = {12},
    url = {http://arxiv.org/abs/1104.4874},
    isbn = {978-3-642-24024-9},
    doi = {10.1007/978-3-642-24025-6},
    arxivId = {1104.4874}
}

@misc{LinuxHUGE2019,
    title = {{Linux Kernel Huge Pages}},
    year = {2019},
    booktitle = {GitHub repository},
    author = {{Linux}},
    publisher = {GitHub},
    url = {https://github.com/torvalds/linux/blob/master/tools/testing/selftests/vm/hugepage-shm.c}
}

@misc{LinuxHUGETEST2019,
    title = {{Linux Kernel Huge Pages Test}},
    year = {2019},
    booktitle = {GitHub repository},
    author = {{Linux}},
    publisher = {GitHub},
    url = {https://github.com/torvalds/test-tlb}
}

@article{Weaver2013,
    title = {{Linux perf{\_}event Features and Overhead}},
    year = {2013},
    journal = {The 2nd International Workshop on Performance Analysis of Workload Optimized Systems, FastPath},
    author = {Weaver, Vincent M},
    number = {April},
    pages = {80}
}

@techreport{StephaneEranian2015,
    title = {{Linux perf{\_}events status update}},
    year = {2015},
    author = {{Stephane Eranian}},
    url = {http://www.paradyn.org/petascale2015/slides/CSCADS2015_perf_events_status_update.pdf}
}

@techreport{Bailey1997,
    title = {{Little ’ s Law and High Performance Computing}},
    year = {1997},
    booktitle = {Performance Computing},
    author = {Bailey, David H},
    pages = {1--3},
    url = {http://www.tera.com/arpa95/architecture.html.}
}

@incollection{little2008little,
    title = {{Little's law}},
    year = {2008},
    booktitle = {Building intuition},
    author = {Little, John D C and Graves, Stephen C},
    pages = {81--100},
    publisher = {Springer}
}

@article{Staelin2002,
    title = {{Lmbench3: Measuring Scalability}},
    year = {2002},
    author = {Staelin, Carl and Israel, Hewlett-Packardlaboratories}
}

@article{Staelin2004,
    title = {{Lmbench: An extensible micro-benchmark suite}},
    year = {2005},
    journal = {Software - Practice and Experience},
    author = {Staelin, Carl},
    number = {11},
    pages = {1079--1105},
    volume = {35},
    url = {http://www.hpl.hp.com/techreports/2004/HPL-2004-213.pdf},
    doi = {10.1002/spe.665},
    issn = {00380644},
    keywords = {Measurement, Micro-benchmarking, Performance analysis}
}

@inproceedings{ozisikyilmaz2008machine,
    title = {{Machine learning models to predict performance of computer system design alternatives}},
    year = {2008},
    booktitle = {2008 37th International Conference on Parallel Processing},
    author = {Ozisikyilmaz, Berkin and Memik, Gokhan and Choudhary, Alok},
    pages = {495--502},
    organization = {IEEE}
}

@article{Browne2010,
    title = {{Making Sense of Performance Counter Measurements on Supercomputing Applications Intranode Strong Scaling , seconds to complete}},
    year = {2010},
    journal = {Memory},
    author = {Browne, James C},
    number = {April 2016}
}

@inproceedings{Djoudi2005,
    title = {{Maqao: Modular assembler quality analyzer and optimizer for itanium 2}},
    year = {2005},
    booktitle = {Workshop on EPIC architectures and compiler technology},
    author = {Djoudi, Lamia and Barthou, Denis},
    url = {http://www.researchgate.net/publication/228767331_MAQAO_Modular_Assembler_Quality_Analyzer_and_Optimizer_for_Itanium_2/file/50463519f7dbc47c4e.pdf}
}

@article{DaCosta2017,
    title = {{Mastering system and power measures for servers in datacenter}},
    year = {2017},
    journal = {Sustainable Computing: Informatics and Systems},
    author = {Da Costa, Georges and Pierson, Jean Marc and Fontoura-Cupertino, Leandro},
    pages = {28--38},
    volume = {15},
    publisher = {Elsevier Inc.},
    url = {http://dx.doi.org/10.1016/j.suscom.2017.05.003},
    doi = {10.1016/j.suscom.2017.05.003},
    issn = {22105379},
    keywords = {Datacenter, Methodology, Performance counters, Power measure, System measure}
}

@article{Saavedra1995,
    title = {{Measuring Cache and TLB Performance and Their Effect on Benchmark Runtimes}},
    year = {1995},
    journal = {IEEE Transactions on Computers},
    author = {Saavedra, Rafael H. and Smith, Alan Jay},
    number = {10},
    pages = {1223--1235},
    volume = {44},
    url = {http://ieeexplore.ieee.org/document/467697/},
    doi = {10.1109/12.467697},
    issn = {00189340},
    keywords = {Performance evaluation, execution time prediction, memory hierarchy, processor caches, table lookaside buffers}
}

@article{Thomborson2000,
    title = {{Measuring Data Cache and TLB Parameters Under Linux}},
    year = {2000},
    author = {Thomborson, Clark and Yu, Yuanhua},
    pages = {383--390},
    url = {http://citeseerx.ist.psu.edu/viewdoc/summary?doi=10.1.1.36.1427},
    keywords = {analysis, cache memory, computer performance, computer software, performance, translation}
}

@inproceedings{Weaver2012,
    title = {{Measuring Energy and Power with PAPI}},
    year = {2012},
    booktitle = {2012 41st International Conference on Parallel Processing Workshops},
    author = {Weaver, Vincent M. and Johnson, Matt and Kasichayanula, Kiran and Ralph, James and Luszczek, Piotr and Terpstra, Dan and Moore, Shirley},
    month = {9},
    pages = {262--268},
    publisher = {IEEE},
    url = {http://ieeexplore.ieee.org/document/6337489/},
    isbn = {978-1-4673-2509-7},
    doi = {10.1109/ICPPW.2012.39},
    issn = {15302016}
}

@article{DBLP:journals/corr/abs-1801-01207,
    title = {{Meltdown}},
    year = {2018},
    journal = {CoRR},
    author = {Lipp, Moritz and Schwarz, Michael and Gruss, Daniel and Prescher, Thomas and Haas, Werner and Mangard, Stefan and Kocher, Paul and Genkin, Daniel and Yarom, Yuval and Hamburg, Mike},
    volume = {abs/1801.0},
    url = {http://arxiv.org/abs/1801.01207},
    arxivId = {1801.01207}
}

@misc{Alvarez-Herault2010,
    title = {{M{\'{e}}moire magn{\'{e}}tique {\`{a}} {\'{e}}criture par courant polaris{\'{e}} en spin assist{\'{e}}e thermiquement}},
    year = {2010},
    author = {Alvarez-H{\'{e}}rault, Jérémy},
    publisher = {Universit{\'{e}} de Grenoble}
}

@article{Ciesielski2016,
    title = {{Memory Bandwidth Exposed}},
    year = {2016},
    author = {Ciesielski, Frederic}
}

@article{Bakshi2000,
    title = {{Memory Latency: to tolerate or to reduce}},
    year = {2000},
    journal = {12th Symposium on {\ldots}},
    author = {Bakshi, Amol and Gaudiot, JL and Lin, WY},
    url = {http://meseec.ce.rit.edu/eecc722-fall2002/papers/memory/4/gaudiot.pdf},
    keywords = {and processing in mem-, decoupled architecture, memory access latency, memory bandwidth, simultaneous multithreading}
}

@inproceedings{Molka2009,
    title = {{Memory performance and cache coherency effects on an intel nehalem multiprocessor system}},
    year = {2009},
    booktitle = {Parallel Architectures and Compilation Techniques, 2009. PACT'09. 18th International Conference on},
    author = {Molka, Daniel and Hackenberg, Daniel and Schone, Robert and Muller, Matthias S},
    pages = {261--270},
    publisher = {IEEE},
    isbn = {0769537715}
}

@techreport{Honarmand2016,
    title = {{Memory Prefetching}},
    year = {2016},
    author = {Honarmand, Nima},
    url = {https://pdfs.semanticscholar.org/presentation/b419/8bbc5b4d5436e516a4e3668bc54498724d5e.pdf}
}

@article{Hagersten2016,
    title = {{Memory Technology}},
    year = {2016},
    author = {Hagersten, Erik},
    number = {1},
    pages = {1}
}

@misc{bohrer2004method,
    title = {{Method and apparatus for accelerating input/output processing using cache injections}},
    year = {2004},
    author = {Bohrer, Patrick Joseph and Rajamony, Ramakrishnan and Shafi, Hazim},
    publisher = {Google Patents}
}

@misc{edgar1930method,
    title = {{Method and apparatus for controlling electric currents}},
    year = {1930},
    author = {Edgar, Lilienfeld Julius},
    publisher = {Google Patents}
}

@misc{sherman1992method,
    title = {{Method for executing overlays in an expanded memory data processing system}},
    year = {1992},
    author = {Sherman, Arthur M and Walling, Lonnie S},
    publisher = {Google Patents}
}

@inproceedings{Moseley2005,
    title = {{Methods for modeling resource contention on simultaneous multithreading processors}},
    year = {2005},
    booktitle = {Computer Design: VLSI in Computers and Processors, 2005. ICCD 2005. Proceedings. 2005 IEEE International Conference on},
    author = {Moseley, Tipp and Kihm, Joshua L and Connors, Daniel A and Grunwald, Dirk},
    pages = {373--380},
    publisher = {IEEE},
    isbn = {0769524516}
}

@misc{Mertens2004,
    title = {{Micron drops MRAM, phase-change, mulls other memories | MRAM-Info}},
    year = {2004},
    author = {Mertens, Ron},
    url = {https://www.mram-info.com/technical_research/micron_drops_mram_phase_change_mulls_other_memories}
}

@misc{ChristineHall2018,
    title = {{Microsoft is Live Streaming from UnderwateChristine Hall. “Microsoft Is Live Streaming from Underwater Data Center in Scotland.” Datacenterknowledge.Com, 2018, https://www.datacenterknowledge.com/microsoft/microsoft-live-streaming-its-underwater-data-cent}},
    year = {2018},
    booktitle = {datacenterknowledge.com},
    author = {{Christine Hall}},
    url = {https://www.datacenterknowledge.com/microsoft/microsoft-live-streaming-its-underwater-data-center-scotland}
}

@inproceedings{1563038,
    title = {{Missing the Memory Wall: The Case for Processor/Memory Integration}},
    year = {1996},
    booktitle = {23rd Annual International Symposium on Computer Architecture (ISCA'96)},
    author = {Nowatzyk, A and {Fong Pong} and Saulsbury, A},
    month = {5},
    pages = {90},
    doi = {10.1109/ISCA.1996.10008},
    issn = {1063-6897},
    keywords = {Scalable Shared Memory Multiprocessors;backward er}
}

@article{Lin2015,
    title = {{Modeling gather and scatter with hardware performance counters for Xeon Phi}},
    year = {2015},
    journal = {Proceedings - 2015 IEEE/ACM 15th International Symposium on Cluster, Cloud, and Grid Computing, CCGrid 2015},
    author = {Lin, James and Nukada, Akira and Matsuoka, Satoshi},
    pages = {713--716},
    isbn = {9781479980062},
    doi = {10.1109/CCGrid.2015.59},
    keywords = {Gather and Scatter, Hardware performance counters, Performance modeling, Xeon Phi}
}

@inproceedings{Denoyelle2018,
    title = {{Modeling large compute nodes with heterogeneous memories with cache-aware roofline model}},
    year = {2018},
    booktitle = {Lecture Notes in Computer Science (including subseries Lecture Notes in Artificial Intelligence and Lecture Notes in Bioinformatics)},
    author = {Denoyelle, Nicolas and Goglin, Brice and Ilic, Aleksandar and Jeannot, Emmanuel and Sousa, Leonel},
    pages = {91--113},
    volume = {10724 LNCS},
    isbn = {9783319729701},
    doi = {10.1007/978-3-319-72971-8{\_}5},
    issn = {16113349}
}

@article{Denoyelle2017,
    title = {{Modeling Large Compute Nodes with Heterogeneous Memories with Cache-Aware Roofline Model}},
    year = {2017},
    author = {Denoyelle, Nicolas and Goglin, Brice and Ilic, Aleksandar and Jeannot, Emmanuel and Denoyelle, Nicolas and Goglin, Brice and Ilic, Aleksandar and Jeannot, Emmanuel and Sousa, Leonel and Large, Modeling and Denoyelle, Nicolas and Goglin, Brice and Ilic, Aleksandar and Jeannot, Emmanuel},
    isbn = {9783319729718}
}

@article{Denoyelle2016,
    title = {{Moniteurs hi{\'{e}}rarchiques de performance, pour g{\'{e}}rer l’utilisation des ressources partag{\'{e}}es de la topologie}},
    year = {2016},
    author = {Denoyelle, Nicolas},
    month = {7},
    url = {https://hal.archives-ouvertes.fr/hal-01343152v1}
}

@incollection{Antao2014,
    title = {{Monitoring Performance and Power for Application Characterization with the Cache-Aware Roofline Model}},
    year = {2014},
    author = {Ant{\~{a}}o, Diogo and Tani{\c{c}}a, Luís and Ilic, Aleksandar and Pratas, Frederico and Tom{\'{a}}s, Pedro and Sousa, Leonel},
    pages = {747--760},
    url = {http://link.springer.com/10.1007/978-3-642-55224-3_70},
    doi = {10.1007/978-3-642-55224-3{\_}70},
    keywords = {application character-, ization, power and performance counters, power and performance monitoring}
}

@article{schaller1997moore,
    title = {{Moore's law: past, present and future}},
    year = {1997},
    journal = {IEEE spectrum},
    author = {Schaller, Robert R},
    number = {6},
    pages = {52--59},
    volume = {34},
    publisher = {IEEE}
}

@incollection{Torelli1999,
    title = {{Multilevel Flash Memories}},
    year = {1999},
    booktitle = {Flash Memories},
    author = {Torelli, Guido and Lanzoni, Massimo and Manstretta, Alessandro and Ricc{\`{o}}, Bruno},
    pages = {361--397},
    publisher = {Springer US},
    url = {http://link.springer.com/10.1007/978-1-4615-5015-0_6},
    address = {Boston, MA},
    doi = {10.1007/978-1-4615-5015-0{\_}6}
}

@article{Guntz2017,
    title = {{Multimodal observation and interpretation of subjects engaged in problem solving}},
    year = {2017},
    journal = {arXiv preprint arXiv:1710.04486},
    author = {Guntz, Thomas and Balzarini, Raffaella and Vaufreydaz, Dominique and Crowley, James L}
}

@inproceedings{barrett2012navigating,
    title = {{Navigating an evolutionary fast path to exascale}},
    year = {2012},
    booktitle = {Proceedings - 2012 SC Companion: High Performance Computing, Networking Storage and Analysis, SCC 2012},
    author = {Barrett, R. F. and Hammond, S. D. and Vaughan, C. T. and Doerfler, D. W. and Heroux, M. A. and Luitjens, J. P. and Roweth, D.},
    pages = {355--365},
    organization = {IEEE},
    isbn = {9780769549569},
    doi = {10.1109/SC.Companion.2012.55},
    keywords = {scientific applications; high performance computin}
}

@misc{Lapedus,
    title = {{Next-Gen Memory Ramping Up}},
    year = {2018},
    author = {Lapedus, Mark},
    url = {https://semiengineering.com/next-gen-memory-ramping-up/}
}

@article{Weaver2013a,
    title = {{Non-determinism and overcount on modern hardware performance counter implementations}},
    year = {2013},
    journal = {ISPASS 2013 - IEEE International Symposium on Performance Analysis of Systems and Software},
    author = {Weaver, Vincent M. and Terpstra, Dan and Moore, Shirley},
    pages = {215--224},
    isbn = {9781467357777},
    doi = {10.1109/ISPASS.2013.6557172}
}

@article{Weaver2014,
    title = {{Non-Determinism and Overcount on Modern Hardware Performance Counter Implementations – Extended}},
    year = {2014},
    author = {Weaver, Vincent M and Terpstra, Dan and Moore, Shirley},
    url = {https://pdfs.semanticscholar.org/340c/a872a54c4767c0e542dfa2ad63ccfb92c8d2.pdf}
}

@article{Selva2017,
    title = {{Numap: A portable library for low-level memory profiling}},
    year = {2017},
    journal = {Proceedings - 2016 16th International Conference on Embedded Computer Systems: Architectures, Modeling and Simulation, SAMOS 2016},
    author = {Selva, Manuel and Morel, Lionel and Marquet, Kevin},
    pages = {55--62},
    isbn = {9781509030767},
    doi = {10.1109/SAMOS.2016.7818331}
}

@phdthesis{Sayin2014,
    title = {{Obfuscating Malware through Cache Memory Architecture Features}},
    year = {2014},
    author = {Sayin, C and Master, Masteroppgave and Avdeling, Ects},
    url = {http://brage.bibsys.no/xmlui/handle/11250/198777},
    doi = {10.13140/RG.2.2.29590.45129}
}

@incollection{peh2009chip,
    title = {{On-Chip Networks for Multicore Systems}},
    year = {2009},
    booktitle = {Multicore Processors and Systems},
    author = {Peh, Li-Shiuan and Keckler, Stephen W. and Vangal, Sriram},
    pages = {35--71},
    publisher = {Springer},
    doi = {10.1007/978-1-4419-0263-4{\_}2}
}

@inproceedings{Versari2001,
    title = {{Optimized programming of multilevel flash EEPROMs}},
    year = {2001},
    booktitle = {Electronics, Circuits and Systems, 2001. ICECS 2001. The 8th IEEE International Conference on},
    author = {Versari, Roberto and Esseni, David and Falavigna, Gianluca and Lanzoni, Massimo and Ricc{\`{o}}, Bruno},
    pages = {945--948},
    volume = {2},
    publisher = {IEEE},
    isbn = {0780370570}
}

@book{stallings2003organisation,
    title = {{Organisation et architecture de l'ordinateur}},
    year = {2003},
    author = {Stallings, William},
    publisher = {Pearson Education}
}

@article{Rohl2015,
    title = {{Overhead Analysis of Performance Counter Measurements}},
    year = {2015},
    journal = {Proceedings of the International Conference on Parallel Processing Workshops},
    author = {R{\"{o}}hl, Thomas and Treibig, Jan and Hager, Georg and Wellein, Gerhard},
    number = {September},
    pages = {176--185},
    volume = {2015-May},
    isbn = {9781479956159},
    doi = {10.1109/ICPPW.2014.34},
    issn = {15302016},
    keywords = {Hardware Performance Counters, Overhead, Profiling, Tools, X86}
}

@article{Duchateau2008,
    title = {{P-Ray : A Suite of Micro-benchmarks for Multi-core Architectures}},
    year = {2008},
    author = {Duchateau, Alexandre X and Sidelnik, Albert}
}

@book{Bendifallah2014,
    title = {{PAMDA: Performance Assessment Using MAQAO Toolset and Differential Analysis}},
    year = {2014},
    author = {Bendifallah, Zakaria and Jalby, William and Noudohouenou, Jose and Oseret, Emmanuel and Palomares, Vincent and Charif-Rubial, Andrés S},
    month = {1},
    pages = {107--127},
    isbn = {978-3-319-08143-4},
    doi = {10.1007/978-3-319-08144-1{\_}9}
}

@book{Deane2006,
    title = {{Parallel Computational Fluid Dynamics 2005: Theory and Applications}},
    year = {2006},
    author = {Deane, Anil and Brenner, Gunther and Emerson, David R and McDonough, James and Tromeur-Dervout, Damien and Satofuka, N and Ecer, A and Periaux, Jacques},
    publisher = {Elsevier},
    isbn = {0080467938}
}

@inproceedings{popov2015pcere,
    title = {{PCERE: Fine-Grained Parallel Benchmark Decomposition for Scalability Prediction}},
    year = {2015},
    booktitle = {Proceedings - 2015 IEEE 29th International Parallel and Distributed Processing Symposium, IPDPS 2015},
    author = {Popov, Mihail and Akel, Chadi and Conti, Florent and Jalby, William and Castro, Pablo De Oliveira},
    pages = {1151--1160},
    organization = {IEEE},
    isbn = {9781479986484},
    doi = {10.1109/IPDPS.2015.19},
    keywords = {Cross-architecture performance prediction, OpenMP applications, checkpoint restart, parallel code isolation, program replay, scalability prediction}
}

@article{Burtscher2010,
    title = {{PerfExpert: An easy-to-use performance diagnosis tool for HPC applications}},
    year = {2010},
    journal = {2010 ACM/IEEE International Conference for High Performance Computing, Networking, Storage and Analysis, SC 2010},
    author = {Burtscher, Martin and Kim, Byoung Do and Diamond, Jeff and McCalpin, John and Koesterke, Lars and Browne, James},
    isbn = {9781424475575},
    doi = {10.1109/SC.2010.41},
    keywords = {Bottleneck diagnosis, HPC systems, Multicore performance, Performance analysis, Performance metric}
}

@article{Eranian2006,
    title = {{Perfmon2: a flexible performance monitoring interface for Linux}},
    year = {2006},
    journal = {Proc of the 2006 Ottawa Linux Symposium},
    author = {Eranian, Stéphane},
    pages = {269–288},
    url = {http://landley.net/kdocs/ols/2006/ols2006v1-pages-269-288.pdf}
}

@inproceedings{Markomanolis2014,
    title = {{Performance analysis of an online atmospheric-chemistry global model with Paraver: Identification of scaling limitations}},
    year = {2014},
    booktitle = {Proceedings of the 2014 International Conference on High Performance Computing and Simulation, HPCS 2014},
    author = {Markomanolis, G. S. and Jorba, O. and Baldasano, J. M.},
    month = {7},
    pages = {738--745},
    publisher = {IEEE},
    url = {http://ieeexplore.ieee.org/document/6903763/},
    isbn = {9781479953127},
    doi = {10.1109/HPCSim.2014.6903763},
    keywords = {Atmospheric Models, Performance Analysis, Scaling}
}

@article{Molka,
    title = {{Performance Analysis of Complex Shared Memory Systems}},
    author = {Molka, Daniel}
}

@phdthesis{Molka2017b,
    title = {{Performance Analysis of Complex Shared Memory Systems}},
    year = {2017},
    author = {{Daniel Molka}},
    month = {3},
    url = {https://www.researchgate.net/publication/315703632_Performance_Analysis_of_Complex_Shared_Memory_Systems}
}

@inproceedings{mazouz2011performance,
    title = {{Performance evaluation and analysis of thread pinning strategies on multi-core platforms: Case study of SPEC OMP applications on intel architectures}},
    year = {2011},
    booktitle = {Proceedings of the 2011 International Conference on High Performance Computing and Simulation, HPCS 2011},
    author = {Mazouz, Abdelhafid and Touati, Sid Ahmed Ali and Barthou, Denis},
    pages = {273--279},
    organization = {IEEE},
    isbn = {9781612843810},
    doi = {10.1109/HPCSim.2011.5999834},
    keywords = {Multi-Cores, OpenMP, Operating Systems, Thread Affinity, Thread Level Parallelism}
}

@inproceedings{Al-Zoubi:2004:PEC:986537.986601,
    title = {{Performance evaluation of cache replacement policies for the SPEC CPU2000 benchmark suite}},
    year = {2004},
    booktitle = {Proceedings of the 42Nd Annual Southeast Regional Conference},
    author = {Al-Zoubi, Hussein and Milenkovic, Aleksandar and Milenkovic, Milena},
    pages = {267},
    series = {ACM-SE 42},
    publisher = {ACM},
    url = {http://doi.acm.org/10.1145/986537.986601},
    address = {New York, NY, USA},
    isbn = {1-58113-870-9},
    doi = {10.1145/986537.986601},
    keywords = {cache memory, performance evaluation, replacement policy}
}

@inproceedings{github,
    title = {{Performance Modelisation}},
    year = {2019},
    booktitle = {GitHub repository},
    author = {Pourroy, Jean},
    url = {https://github.com/PourroyJean/performance_modelisation}
}

@inproceedings{Sprunt2005,
    title = {{Performance monitoring hardware will always be a low priority, second class feature in processor design until}},
    year = {2005},
    booktitle = {Workshop on Hardware Performance Monitors in conjunction with HPCA-11},
    author = {Sprunt, B}
}

@phdthesis{Selva2015,
    title = {{Performance monitoring of throughput constrained dataflow programs executed on shared-memory multi-core architectures}},
    year = {2015},
    author = {Selva, Manuel},
    publisher = {INSA de Lyon}
}

@techreport{Williams2018,
    title = {{Performance Tuning of Scientific Codes with the Roofline Model}},
    year = {2018},
    author = {Williams, Samuel and Deslippe, Jack and Gov, Jrdeslippe@lbl and Basu, Protonu and Yang, Charlene},
    url = {https://crd.lbl.gov/assets/Uploads/ECP18-Roofline-1-intro.pdf}
}

@book{Barthou2009,
    title = {{Performance tuning of x86 OpenMP codes with MAQAO}},
    year = {2009},
    author = {Barthou, Denis and Charif-Rubial, Andrés S and Jalby, William and Koliai, Souad and Valensi, Cédric},
    month = {1},
    pages = {95--113},
    doi = {10.1007/978-3-642-11261-4{\_}7}
}

@incollection{Barthou2010,
    title = {{Performance tuning of x86 openmp codes with maqao}},
    year = {2010},
    booktitle = {Tools for High Performance Computing 2009},
    author = {Barthou, Denis and Rubial, Andres Charif and Jalby, William and Koliai, Souad and Valensi, Cedric},
    pages = {95--113},
    publisher = {Springer}
}

@book{Redaelli,
    title = {{Phase change memory : device physics, reliability and applications}},
    author = {Redaelli, Andrea},
    pages = {342},
    isbn = {9783319690537}
}

@inproceedings{Luk2005,
    title = {{Pin: building customized program analysis tools with dynamic instrumentation}},
    year = {2005},
    booktitle = {Acm sigplan notices},
    author = {Luk, Chi-Keung and Cohn, Robert and Muth, Robert and Patil, Harish and Klauser, Artur and Lowney, Geoff and Wallace, Steven and Reddi, Vijay Janapa and Hazelwood, Kim},
    number = {6},
    pages = {190--200},
    volume = {40},
    publisher = {ACM},
    isbn = {1595930566}
}

@article{Patil2004,
    title = {{Pinpointing Representative Portions of Large Intelamp;{\#}174; Itaniumamp;{\#}174; Programs with Dynamic Instrumentation}},
    year = {2004},
    journal = {37th International Symposium on Microarchitecture MICRO3704},
    author = {Patil, H. and Cohn, R. and Charney, M. and Kapoor, R. and Sun, A. and Karunanidhi, A.},
    pages = {81--92},
    publisher = {IEEE},
    url = {http://ieeexplore.ieee.org/document/1550984/ http://ieeexplore.ieee.org/lpdocs/epic03/wrapper.htm?arnumber=1550984},
    isbn = {0-7695-2126-6},
    doi = {10.1109/MICRO.2004.28},
    issn = {1072-4451}
}

@article{Saez2017,
    title = {{PMCTrack: Delivering performance monitoring counter support to the OS scheduler}},
    year = {2017},
    journal = {Computer Journal},
    author = {Saez, J. C. and Pousa, A. and Rodriguez-Rodriguez, R. and Castro, F. and Prieto-Matias, M.},
    number = {1},
    month = {1},
    pages = {60--85},
    volume = {60},
    url = {https://academic.oup.com/comjnl/article-lookup/doi/10.1093/comjnl/bxw065},
    doi = {10.1093/comjnl/bxw065},
    issn = {14602067},
    keywords = {Asymmetric multicore, Cache monitoring, Energy efficiency, Intel CMT, Linux kernel, OS scheduling, PMCTrack, Performance monitoring counters}
}

@misc{PMEM,
    title = {{PMEM Persistent Memory Programming library}},
    author = {{PMEM}},
    url = {http://pmem.io/}
}

@article{martin2014post,
    title = {{Post-Dennard Scaling and the final Years of Moore's Law Consequences for the Evolution of Multicore-Architectures}},
    year = {2014},
    journal = {Informatik und Interaktive Systeme},
    author = {M{\"{a}}rtin, Christian and Augsburg, Hochschule and Rechnerarchitektur, Fachgebiete}
}

@inproceedings{Moore2011,
    title = {{Poster: New Features of the PAPI Hardware Counter Library}},
    year = {2011},
    booktitle = {Proceedings of the 2011 companion on High Performance Computing Networking, Storage and Analysis Companion - SC '11 Companion},
    author = {Moore, Shirley and Terpstra, Dan and Weaver, Vince and Jagode, Heike and Ralph, James and Dongarra, Jack},
    pages = {3},
    publisher = {ACM Press},
    url = {http://dl.acm.org/citation.cfm?doid=2148600.2148603},
    address = {New York, New York, USA},
    isbn = {9781450310307},
    doi = {10.1145/2148600.2148603},
    keywords = {gpu, hardware counters, performance measurement, virtual computing}
}

@book{Kukunas2015,
    title = {{Power and Performance: Software Analysis and Optimization}},
    year = {2015},
    author = {Kukunas, Jim},
    isbn = {0128007265, 9780128007266}
}

@phdthesis{Noudohouenou2013,
    title = {{Pr{\'{e}}diction de performance utilisant une caract{\'{e}}risation des applications orient{\'{e}}e codelet}},
    year = {2013},
    booktitle = {http://www.theses.fr},
    author = {Noudohouenou, José},
    month = {1},
    publisher = {Versailles-St Quentin en Yvelines},
    url = {http://theses.fr/2013VERS0030}
}

@article{burks1946preliminary,
    title = {{Preliminary discussion of the logical design of an electronic computer instrument}},
    year = {1946},
    author = {Burks, Arthur Walter and Goldstine, Herman Heine and Von Neumann, John}
}

@phdthesis{farjallah2014preparing,
    title = {{Preparing depth imaging applications for Exascale challenges and impacts}},
    year = {2014},
    author = {Farjallah, Asma},
    school = {Universit{\'{e}} de Versailles-Saint Quentin en Yvelines}
}

@phdthesis{Farjallah2015,
    title = {{Preparing depth imaging applications for the Exascale}},
    year = {2015},
    author = {Farjallah, Asma},
    number = {4},
    pages = {2--3},
    keywords = {-seismic applications, exascale, per-, rtm, stencil}
}

@misc{JohnLeDuc2017,
    title = {{Principes de base des transistors}},
    year = {2017},
    author = {{John LeDuc}},
    url = {https://www.digikey.fr/fr/articles/techzone/2017/dec/transistor-basics}
}

@article{Gokhale1995,
    title = {{Processing in Memory: The Terasys Massively Parallel PIM Array}},
    year = {1995},
    journal = {Computer},
    author = {Gokhale, Maya and Holmes, Bill and Iobst, Ken},
    number = {4},
    month = {4},
    pages = {23--31},
    volume = {28},
    url = {http://ieeexplore.ieee.org/document/375174/},
    doi = {10.1109/2.375174},
    issn = {00189162}
}

@article{Zhang2007a,
    title = {{Processor hardware counter statistics as a first-class system resource}},
    year = {2007},
    journal = {usenix.org},
    author = {Zhang, Xiao and Dwarkadas, Sandhya and Folkmanis, Girts and Shen, Kai},
    pages = {14},
    url = {https://www.usenix.org/event/hotos07/tech/full_papers/zhang/zhang.pdf http://dl.acm.org/citation.cfm?id=1361397.1361411}
}

@article{Zhang2007,
    title = {{Processor hardware counter statistics as a first-class system resource}},
    year = {2007},
    author = {Zhang, Xiao and Dwarkadas, Sandhya and Folkmanis, Girts and Shen, Kai},
    pages = {14},
    url = {http://dl.acm.org/citation.cfm?id=1361397.1361411}
}

@article{Arulraj2013,
    title = {{Production-run software failure diagnosis via hardware performance counters}},
    year = {2013},
    journal = {ACM SIGPLAN Notices},
    author = {Arulraj, Joy and Chang, Po-Chun and Jin, Guoliang and Lu, Shan},
    isbn = {9781450318709},
    doi = {10.1145/2499368.2451128},
    issn = {03621340}
}

@article{Dean1997,
    title = {{ProfileMe: Hardware support for instruction-level profiling on out-of-order processors}},
    year = {1997},
    journal = {Proceedings of the 30th {\ldots}},
    author = {Dean, J. and Hicks, J.E. and Waldspurger, C.A.},
    pages = {292--302},
    publisher = {IEEE Comput. Soc},
    url = {http://ieeexplore.ieee.org/document/645821/ http://ieeexplore.ieee.org/lpdocs/epic03/wrapper.htm?arnumber=645821%5Cnhttp://dl.acm.org/citation.cfm?id=266828},
    isbn = {0-8186-7977-8},
    doi = {10.1109/MICRO.1997.645821},
    issn = {1072-4451}
}

@article{Kanev2015,
    title = {{Profiling a warehouse-scale computer}},
    year = {2015},
    journal = {Proceedings of the 42nd Annual International Symposium on Computer Architecture - ISCA '15},
    author = {Kanev, Svilen and Darago, Juan Pablo and Hazelwood, Kim and Wei, Gu-Yeon and Brooks, David},
    number = {Section 3},
    pages = {158--169},
    publisher = {ACM Press},
    url = {http://dl.acm.org/citation.cfm?doid=2749469.2750392},
    address = {New York, New York, USA},
    isbn = {9781450334020},
    doi = {10.1145/2749469.2750392}
}

@phdthesis{Besnard2015,
    title = {{Profiling and debugging by efficient tracing of hybrid multi-threaded HPC applications}},
    year = {2015},
    author = {Besnard, Jean-baptiste and France, F- Arpajon}
}

@article{erikssonb2016profiling,
    title = {{Profiling and Tracing Tools for Performance Analysis of Large Scale Applications}},
    year = {2016},
    journal = {PRACE: Partnership for Advanced Computing in Europe},
    author = {Eriksson, Jerry and Ojeda-may, Pedro and Ponweiser, Thomas and Steinreiter, Thomas},
    pages = {1--30},
    keywords = {extrae, gromacs, hpctoolkit, itac, paraver, performance analysis, profiling, scalasca, tracing}
}

@article{Hatfield:1971,
    title = {{Program Restructuring for Virtual Memory}},
    year = {1971},
    journal = {IBM Syst. J.},
    author = {Hatfield, D J and Gerald, J},
    number = {3},
    month = {9},
    pages = {168--192},
    volume = {10},
    publisher = {IBM Corp.},
    url = {http://dx.doi.org/10.1147/sj.103.0168},
    address = {Riverton, NJ, USA},
    doi = {10.1147/sj.103.0168},
    issn = {0018-8670}
}

@article{Bodin2015,
    title = {{Programmation et Exploitation des Platesformes HPC : D{\'{e}}fis et challenges}},
    year = {2015},
    author = {Bodin, Francçois and M{\'{e}}haut, Jean-François},
    url = {https://hal.archives-ouvertes.fr/hal-01174302}
}

@book{Kirk2016,
    title = {{Programming massively parallel processors: a hands-on approach}},
    year = {2016},
    author = {Kirk, David B and Wen-Mei, W Hwu},
    publisher = {Morgan kaufmann},
    isbn = {012811987X}
}

@article{Moore75,
    title = {{Progress In Digital Integrated Electronics}},
    year = {1975},
    journal = {IEEE Solid-State Circuits Newsletter},
    author = {Moore, Gordon E.},
    number = {3},
    pages = {36--37},
    volume = {20},
    url = {http://ieeexplore.ieee.org/document/4804410/},
    isbn = {doi:10.1109/N-SSC.2006.4804410},
    doi = {10.1109/N-SSC.2006.4804410},
    issn = {1098-4232}
}

@article{Moore2006,
    title = {{Progress In Digital Integrated Electronics [Technical literaiture, Copyright 1975 IEEE. Reprinted, with permission. Technical Digest. International Electron Devices Meeting, IEEE, 1975, pp. 11-13.]}},
    year = {2006},
    journal = {IEEE Solid-State Circuits Newsletter},
    author = {Moore, Gordon},
    number = {3},
    month = {9},
    pages = {36--37},
    volume = {20},
    url = {http://ieeexplore.ieee.org/document/4804410/},
    isbn = {doi:10.1109/N-SSC.2006.4804410},
    doi = {10.1109/N-SSC.2006.4804410},
    issn = {1098-4232}
}

@phdthesis{liu2016protocoles,
    title = {{Protocoles scalables de coh{\'{e}}rence des caches pour processeurs manycore {\`{a}} espace d'adressage partag{\'{e}} visant la basse consommation.}},
    year = {2016},
    author = {Liu, Hao},
    school = {Paris 6}
}

@article{Stengel2014a,
    title = {{Quantifying performance bottlenecks of stencil computations using the Execution-Cache-Memory model}},
    year = {2014},
    journal = {Proceedings of the 29th ACM on International Conference on Supercomputing - ICS '15},
    author = {Stengel, Holger and Treibig, Jan and Hager, Georg and Wellein, Gerhard},
    pages = {207--216},
    publisher = {ACM Press},
    url = {http://dl.acm.org/citation.cfm?doid=2751205.2751240 http://arxiv.org/abs/1410.5010%0Ahttp://dx.doi.org/10.1145/2751205.2751240},
    address = {New York, New York, USA},
    isbn = {9781450335591},
    doi = {10.1145/2751205.2751240},
    arxivId = {1410.5010}
}

@article{Stengel2014,
    title = {{Quantifying performance bottlenecks of stencil computations using the Execution-Cache-Memory model}},
    year = {2014},
    author = {Stengel, Holger and Treibig, Jan and Hager, Georg and Wellein, Gerhard},
    month = {10},
    url = {http://arxiv.org/abs/1410.5010 http://dx.doi.org/10.1145/2751205.2751240 http://arxiv.org/abs/1410.5010%0Ahttp://dx.doi.org/10.1145/2751205.2751240},
    isbn = {9781450335591},
    doi = {10.1145/2751205.2751240},
    arxivId = {1410.5010}
}

@article{Hameed2014,
    title = {{Reducing Latency in an SRAM/DRAM Cache Hierarchy via a Novel Tag-Cache Architecture}},
    year = {2014},
    journal = {Proceedings of the The 51st Annual Design Automation Conference on Design Automation Conference - DAC '14},
    author = {Hameed, Fazal and Bauer, Lars and Henkel, Jörg},
    pages = {1--6},
    publisher = {ACM Press},
    url = {http://dl.acm.org/citation.cfm?doid=2593069.2593197},
    address = {New York, New York, USA},
    isbn = {9781450327305},
    doi = {10.1145/2593069.2593197},
    issn = {0738100X}
}

@article{Son2013,
    title = {{Reducing memory access latency with asymmetric DRAM bank organizations}},
    year = {2013},
    journal = {ACM SIGARCH Computer Architecture News},
    author = {Son, Young Hoon and Seongil, O. and Ro, Yuhwan and Lee, Jae W. and Ahn, Jung Ho},
    number = {3},
    pages = {380},
    volume = {41},
    doi = {10.1145/2508148.2485955},
    issn = {01635964}
}

@inproceedings{moudgill1993register,
    title = {{Register renaming and dynamic speculation: an alternative approach}},
    year = {1993},
    booktitle = {Proceedings of the 26th annual international symposium on Microarchitecture},
    author = {Moudgill, Mayan and Pingali, Keshav and Vassiliadis, Stamatis},
    pages = {202--213},
    organization = {IEEE}
}

@inproceedings{903248,
    title = {{Register renaming and scheduling for dynamic execution of predicated code}},
    year = {2001},
    booktitle = {Proceedings HPCA Seventh International Symposium on High-Performance Computer Architecture},
    author = {Wang, P H and {Hong Wang} and Kling, R M and Ramakrishnan, K and Shen, J P},
    month = {1},
    pages = {15--25},
    doi = {10.1109/HPCA.2001.903248},
    issn = {1530-0897},
    keywords = {processor scheduling;parallel architectures;perfor}
}

@inproceedings{Dimakopoulou2017,
    title = {{Reliable and Efficient Performance Monitoring in Linux}},
    year = {2017},
    booktitle = {International Conference for High Performance Computing, Networking, Storage and Analysis, SC},
    author = {Dimakopoulou, Maria and Eranian, Stephane and Koziris, Nectarios and Bambos, Nicholas},
    month = {11},
    pages = {396--408},
    publisher = {IEEE},
    url = {http://ieeexplore.ieee.org/document/7877112/},
    isbn = {9781467388153},
    doi = {10.1109/SC.2016.33},
    issn = {21674337}
}

@book{book,
    title = {{Report on the ASCR Workshop on Modeling and Simulation of Exascale Systems and Applications}},
    year = {2012},
    author = {Hoisie, Adolfy and Kerbyson, Darren and Lucas, Robert and Rodrigues, Arun and Shalf, John and Vetter, Jeffrey and Harrod, William and Sachs, Sonia and Barker, Kevin and Belak, Jim and Bronevetsky, Greg and Carothers, Chris and Norris, Boyana and Yalamanchili, Sudhakar},
    url = {http://medcontent.metapress.com/index/A65RM03P4874243N.pdf}
}

@article{Calyam2016,
    title = {{Research and Infrastructure Challenges for Applications and Services in the Year 2021}},
    year = {2016},
    journal = {ACM SIGCOMM Computer Communication Review},
    author = {Calyam, Prasad and Ricart, Glenn},
    number = {3},
    volume = {46},
    url = {https://pdfs.semanticscholar.org/94e3/68ac2d38e1a68fb7a1dab1b83f000346f965.pdf},
    issn = {0146-4833}
}

@book{Primet2010,
    title = {{R{\'{e}}seaux de calcul : Des grappes aux nuages de calcul}},
    year = {2010},
    author = {Primet, Pascale Vicat-Blanc. and Soudan, Sébastien and Guillier, Romaric and Goglin, Brice},
    pages = {213},
    publisher = {Hermès Science},
    url = {https://hal.inria.fr/inria-00533072/},
    isbn = {9782746230064}
}

@article{Wang2016,
    title = {{Reusing Hardware Performance Counters to Detect and Identify Kernel Control-Flow Modifying Rootkits}},
    year = {2016},
    journal = {IEEE Transactions on Computer-Aided Design of Integrated Circuits and Systems},
    author = {Wang, Xueyang and Karri, Ramesh},
    number = {3},
    month = {3},
    pages = {485--498},
    volume = {35},
    url = {http://ieeexplore.ieee.org/document/7229276/},
    isbn = {9781450320719},
    doi = {10.1109/TCAD.2015.2474374},
    issn = {02780070},
    keywords = {Controlflow Modifying Kernel Rootkits, Hardware Performance Counters, Rootkit Detection and Identification, Virtualization}
}

@phdthesis{Glesser2016,
    title = {{Road to exascale : improving scheduling performances and reducing energy consumption with the help of end-users}},
    year = {2016},
    author = {Glesser, David},
    url = {https://tel.archives-ouvertes.fr/tel-01679734/},
    keywords = {Calcul haute performance, Energy, Exascale, Hpc, Ordonnancement, Resources, Ressources, Scheduling, {\'{E}}nergie}
}

@article{Chandran2011,
    title = {{Robust Method to Determine Cache and TLB Characteristics}},
    year = {2011},
    author = {Chandran, Varadharajan}
}

@inproceedings{Lee2015,
    title = {{Roofline measurement application}},
    year = {2015},
    booktitle = {Proceedings of the 9th International Conference on Ubiquitous Information Management and Communication - IMCOM '15},
    author = {Lee, Kyu-Yean and Cho, Seong-Jin and Yoon, Seung-Hyun and Jeon, Jae-Wook},
    pages = {1--6},
    publisher = {ACM Press},
    url = {http://dl.acm.org/citation.cfm?doid=2701126.2701150 http://dl.acm.org/citation.cfm?id=2701126.2701150},
    address = {New York, New York, USA},
    isbn = {9781450333771},
    doi = {10.1145/2701126.2701150},
    keywords = {hardware performance counter, mobile AP, monitoring, multicore processor}
}

@inproceedings{lo2014roofline,
    title = {{Roofline model toolkit: A practical tool for architectural and program analysis}},
    year = {2015},
    booktitle = {Lecture Notes in Computer Science (including subseries Lecture Notes in Artificial Intelligence and Lecture Notes in Bioinformatics)},
    author = {Lo, Yu Jung and Williams, Samuel and Van Straalen, Brian and Ligocki, Terry J. and Cordery, Matthew J. and Wright, Nicholas J. and Hall, Mary W. and Oliker, Leonid},
    pages = {129--148},
    volume = {8966},
    organization = {Springer},
    isbn = {9783319172477},
    doi = {10.1007/978-3-319-17248-4{\_}7},
    issn = {16113349},
    keywords = {CUDA unified memory, Memory bandwidth, Roofline}
}

@article{WilliamsSamuelWebbandWatermanAndrewandPatterson2008,
    title = {{Roofline: An Insightful Visual Performance Model for Floating-Point Programs and Multicore Architectures}},
    year = {2008},
    journal = {EECS Department, University of California, Berkeley Tech Reports: UCB/EECS-2008-134},
    author = {Williams, Samuel Webb and Waterman, Andrew and Patterson, David A. and Williams, Samuel Webb and Waterman, Andrew and Patterson, David A},
    number = {4},
    pages = {65--76},
    volume = {52},
    url = {http://www.eecs.berkeley.edu/Pubs/TechRpts/2008/EECS-2008-134.html},
    isbn = {978-0-9825442-3-5},
    doi = {10.1145/1498765.1498785},
    issn = {00010782}
}

@article{Williams2008,
    title = {{Roofline: An Insightful Visual Performance Model for Multicore Architectures}},
    year = {2009},
    journal = {Communications of the ACM},
    author = {Patterson, David and WIlliams, Samuel and Waterman, Andrew},
    pages = {65--76},
    url = {https://people.eecs.berkeley.edu/~kubitron/cs252/handouts/papers/RooflineVyNoYellow.pdf},
    doi = {10.1145/1498765.1498785}
}

@misc{AdrianBRANCO2019,
    title = {{Samsung pr{\'{e}}pare l’arriv{\'{e}}e des puces grav{\'{e}}es en 3 nm pour 2021}},
    year = {2019},
    author = {{Adrian BRANCO}},
    url = {https://www.01net.com/actualites/samsung-prepare-l-arrivee-des-puces-en-3-nm-pour-2021-1692130.html}
}

@inproceedings{Villa2014,
    title = {{Scaling the Power Wall: A Path to Exascale}},
    year = {2014},
    booktitle = {International Conference for High Performance Computing, Networking, Storage and Analysis, SC},
    author = {Villa, Oreste and Johnson, Daniel R. and O'Connor, Mike and Bolotin, Evgeny and Nellans, David and Luitjens, Justin and Sakharnykh, Nikolai and Wang, Peng and Micikevicius, Paulius and Scudiero, Anthony and Keckler, Stephen W. and Dally, William J.},
    number = {January},
    pages = {830--841},
    volume = {2015-Janua},
    publisher = {IEEE Press},
    isbn = {1479955000},
    doi = {10.1109/SC.2014.73},
    issn = {21674337}
}

@article{Tanica2014,
    title = {{SchedMon: A Performance and Energy Monitoring Tool for Modern Multi-cores.}},
    year = {2014},
    journal = {Euro-Par Workshops (2)},
    author = {Tani{\c{c}}a, Luís and Ilic, Aleksandar and Tom{\'{a}}s, Pedro and Sousa, Leonel},
    pages = {230--241},
    volume = {8806},
    url = {http://dblp.uni-trier.de/db/conf/europar/europar2014w2.html#TanicaITS14},
    isbn = {978-3-319-14312-5},
    issn = {16113349},
    keywords = {application character-, ization, power and performance counters, power and performance monitoring}
}

@inproceedings{Khaleel2008,
    title = {{Scientific Grand Challenges: Challenges in Climate Change Science and the Role of Computing At the Extreme Scale}},
    year = {2008},
    booktitle = {Extreme Scale 2009},
    author = {Khaleel, M. A. and Johnson, G. M. and Washington, W. M.},
    pages = {98},
    url = {http://esg-pcmdi.llnl.gov/publications_and_documents/Extreme_Scale_Data_Mgmt_Panel Report.pdf}
}

@misc{TamsinCameron2018,
    title = {{Section 9: Virtual Memory (VM)}},
    year = {2018},
    author = {Carnegie, Mellon},
    url = {https://slideplayer.com/slide/13279576/}
}

@article{Weaver2015,
    title = {{Self-monitoring overhead of the Linux perf- event performance counter interface}},
    year = {2015},
    journal = {ISPASS 2015 - IEEE International Symposium on Performance Analysis of Systems and Software},
    author = {Weaver, Vincent M.},
    pages = {102--111},
    isbn = {9781479919567},
    doi = {10.1109/ISPASS.2015.7095789}
}

@inproceedings{gonzalez2010servet,
    title = {{Servet: A benchmark suite for autotuning on multicore clusters}},
    year = {2010},
    booktitle = {Proceedings of the 2010 IEEE International Symposium on Parallel and Distributed Processing, IPDPS 2010},
    author = {Gonz{\'{a}}lez-Dom{\'{i}}nguez, Jorge and Taboada, Guillermo L. and Fraguela, Basilio B. and Mart{\'{i}}n, María J. and Touri{\~{n}}o, Juan},
    pages = {1--9},
    organization = {IEEE},
    isbn = {9781424464432},
    doi = {10.1109/IPDPS.2010.5470358},
    keywords = {Autotuning, Benchmarking, Multicore Clusters, Optimization}
}

@inproceedings{Moseley2007,
    title = {{Shadow profiling: Hiding instrumentation costs with parallelism}},
    year = {2007},
    booktitle = {International Symposium on Code Generation and Optimization, CGO 2007},
    author = {Moseley, Tipp and Shye, Alex and Reddi, Vijay Janapa and Grunwald, Dirk and Peri, Ramesh},
    month = {3},
    pages = {198--208},
    publisher = {IEEE},
    url = {http://ieeexplore.ieee.org/document/4145115/},
    isbn = {0769527647},
    doi = {10.1109/CGO.2007.35}
}

@inproceedings{Moseley2007a,
    title = {{Shadow profiling: Hiding instrumentation costs with parallelism}},
    year = {2007},
    booktitle = {International Symposium on Code Generation and Optimization, CGO 2007},
    author = {Moseley, Tipp and Shye, Alex and Reddi, Vijay Janapa and Grunwald, Dirk and Peri, Ramesh},
    month = {3},
    pages = {198--208},
    publisher = {IEEE},
    url = {http://ieeexplore.ieee.org/document/4145115/},
    isbn = {0769527647},
    doi = {10.1109/CGO.2007.35}
}

@phdthesis{batten2010simplified,
    title = {{Simplified Vector-Thread Architectures for Flexible and Efficient Data-Parallel Accelerators}},
    year = {2010},
    author = {Batten, Christopher Francis},
    number = {May 1999},
    school = {Massachusetts Institute of Technology}
}

@misc{Wikichipb,
    title = {{Skylake (client) - Microarchitectures - Intel - WikiChip}},
    author = {{Wikichip}},
    url = {https://en.wikichip.org/wiki/intel/microarchitectures/skylake_(client)}
}

@misc{cpu:skl,
    title = {{Skylake (client) - Microarchitectures - Intel - WikiChip}},
    author = {{WikiChip}},
    url = {https://en.wikichip.org/wiki/intel/microarchitectures/skylake_(client)#Execution_engine_2}
}

@article{wilkes1965slave,
    title = {{Slave Memories and Dynamic Storage Allocation}},
    year = {1965},
    journal = {IEEE Transactions on Electronic Computers},
    author = {Wilkes, M. V.},
    number = {2},
    pages = {270--271},
    volume = {EC-14},
    publisher = {IEEE},
    doi = {10.1109/PGEC.1965.264263},
    issn = {03677508}
}

@article{al2010snoopy,
    title = {{Snoopy and Directory Based Cache Coherence Protocols: A Critical Analysis}},
    year = {2010},
    journal = {Journal of Information {\&} Communication Technology},
    author = {Al-Hothali, Samaher and Soomro, Safeeullah and Tanvir, Khurram and Tuli, Ruchi},
    number = {1},
    pages = {1--10},
    volume = {4},
    url = {https://pdfs.semanticscholar.org/2dbd/aef10462f7e1c5b58626d4979cdefbd400c5.pdf}
}

@article{Sutter2005a,
    title = {{Software and the concurrency revolution}},
    year = {2005},
    journal = {Queue},
    author = {Sutter, Herb and Larus, James},
    number = {7},
    pages = {54},
    volume = {3},
    url = {http://delivery.acm.org/10.1145/1100000/1095421/p54-sutter.pdf?ip=130.190.104.85&id=1095421&acc=OPEN&key=4D4702B0C3E38B35.4D4702B0C3E38B35.4D4702B0C3E38B35.6D218144511F3437&__acm__=1527088941_22208e17281fab8837c29c5a174d6e8a http://portal.acm.org/citation},
    doi = {10.1145/1095408.1095421},
    issn = {15427730}
}

@misc{FAgner,
    title = {{Software optimization resources}},
    author = {{F Agner}},
    url = {http://www.agner.org/optimize/}
}

@inproceedings{Ainsworth2017,
    title = {{Software prefetching for indirect memory accesses}},
    year = {2017},
    booktitle = {Proceedings of the 2017 International Symposium on Code Generation and Optimization},
    author = {Ainsworth, Sam and Jones, Timothy M},
    pages = {305--317},
    publisher = {IEEE Press},
    isbn = {1509049312}
}

@article{kocher2018spectre,
    title = {{Spectre Attacks: Exploiting Speculative Execution}},
    year = {2018},
    journal = {arXiv preprint arXiv:1801.01203},
    author = {Kocher, Paul and Genkin, Daniel and Gruss, Daniel and Haas, Werner and Hamburg, Mike and Lipp, Moritz and Mangard, Stefan and Prescher, Thomas and Schwarz, Michael and Yarom, Yuval},
    url = {http://arxiv.org/abs/1801.01203},
    arxivId = {1801.01203}
}

@misc{Diffen,
    title = {{SRAM vs. DRAM}},
    author = {{Diffen}},
    url = {https://www.diffen.com/difference/Dynamic_random-access_memory_vs_Static_random-access_memory}
}

@inproceedings{datta2008stencil,
    title = {{Stencil computation optimization and auto-tuning on state-of-the-art multicore architectures}},
    year = {2008},
    booktitle = {2008 SC - International Conference for High Performance Computing, Networking, Storage and Analysis, SC 2008},
    author = {Datta, Kaushik and Murphy, Mark and Volkov, Vasily and Williams, Samuel and Carter, Jonathan and Oliker, Leonid and Patterson, David and Shalf, John and Yelick, Katherine},
    pages = {4},
    organization = {IEEE Press},
    isbn = {9781424428359},
    doi = {10.1109/SC.2008.5222004},
    issn = {1424428351},
    pmid = {3115053}
}

@inproceedings{Lam2010,
    title = {{Storage class memory}},
    year = {2010},
    booktitle = {Solid-State and Integrated Circuit Technology (ICSICT), 2010 10th IEEE International Conference on},
    author = {Lam, Chung H},
    pages = {1080--1083},
    publisher = {IEEE},
    isbn = {142445798X}
}

@inproceedings{Burr2010a,
    title = {{Storage Class Memory}},
    year = {2010},
    booktitle = {Non-volatile Memories Workshop},
    author = {Burr, Geoffrey W},
    pages = {1--25}
}

@inproceedings{Burr2010,
    title = {{Storage Class Memory-Towards a disruptively low-cost solid-state nonvolatile memory}},
    year = {2010},
    booktitle = {2010 IEEE International Interconnect Technology Conference},
    author = {Burr, G W}
}

@techreport{SivaSivaram2016,
    title = {{Storage Class Memory: Learning from 3D NAND}},
    year = {2016},
    author = {{Siva Sivaram}},
    url = {https://www.flashmemorysummit.com/English/Collaterals/Proceedings/2016/20160809_Keynote4_WD_Sivaram.pdf}
}

@misc{Sivaram2016,
    title = {{Storage Class Memory: Lessons Learned from 3D NAND}},
    year = {2016},
    author = {Sivaram, Siva},
    url = {https://blog.westerndigital.com/storage-class-memory-3d-nand-lessons/}
}

@article{Freitas2008,
    title = {{Storage-class memory: The next storage system technology}},
    year = {2008},
    journal = {IBM Journal of Research and Development},
    author = {Freitas, R. F. and Wilcke, W. W.},
    number = {4.5},
    month = {7},
    pages = {439--447},
    volume = {52},
    url = {http://ieeexplore.ieee.org/document/5388608/},
    doi = {10.1147/rd.524.0439},
    issn = {0018-8646}
}

@article{McCalpin1995,
    title = {{STREAM benchmark}},
    year = {1995},
    journal = {Link: www. cs. virginia. edu/stream/ref. html{\#} what},
    author = {McCalpin, John D},
    volume = {22}
}

@book{tanenbaum2016structured,
    title = {{Structured computer organization}},
    year = {2003},
    booktitle = {Computer Languages},
    author = {Tanenbaum, Andrew S},
    number = {3-4},
    pages = {237},
    volume = {10},
    publisher = {Pearson Education India},
    doi = {10.1016/0096-0551(85)90019-0},
    issn = {00960551}
}

@book{0132916525,
    title = {{Structured Computer Organization (6th Edition)}},
    year = {2012},
    author = {Tanenbaum, Andrew S and Austin, Todd},
    publisher = {Pearson},
    url = {https://www.amazon.com/Structured-Computer-Organization-Andrew-Tanenbaum/dp/0132916525?SubscriptionId=AKIAIOBINVZYXZQZ2U3A&tag=chimbori05-20&linkCode=xm2&camp=2025&creative=165953&creativeASIN=0132916525},
    isbn = {0132916525}
}

@article{Patil2015,
    title = {{Study of Performance Counters and Profiling Tools}},
    year = {2015},
    journal = {Proceedings of 21st IRF International Conference.},
    author = {Patil, Dipak and Kharat, Prashant and Gupta, Anil Kumar},
    number = {March},
    pages = {45--49},
    isbn = {9789382702757},
    keywords = {- pmu, msr, performance event, pmc}
}

@book{johnson1989super,
    title = {{Super-scalar processor design}},
    year = {1989},
    author = {Johnson, William M}
}

@article{Weaver2017,
    title = {{System-wide Performance Counter Measurements: Offcore, Uncore, and Northbridge Performance Events in Modern Processors}},
    year = {2017},
    author = {Weaver, Vincent M},
    url = {http://web.eece.maine.edu/~vweaver/projects/perf_events/uncore/offcore_uncore.pdf}
}

@book{tanenbaum2008systemes,
    title = {{Systèmes d'exploitation}},
    year = {2008},
    author = {Tanenbaum, Andrew},
    publisher = {Pearson Education},
    address = {Paris},
    isbn = {2744072990}
}

@article{Rojas1997,
    title = {{The Architecture of the Z1 and Z3}},
    year = {1997},
    journal = {IEEE Annals of the History of Computing},
    author = {Rojas, Raul},
    number = {2},
    pages = {5},
    volume = {19},
    publisher = {IEEE},
    url = {http://linkinghub.elsevier.com/retrieve/pii/S0172219097901174},
    doi = {10.1016/S0172-2190(97)90117-4},
    issn = {01722190}
}

@article{sprunt2002basics,
    title = {{The basics of performance-monitoring hardware}},
    year = {2002},
    journal = {IEEE Micro},
    author = {Sprunt, Brinkley},
    number = {4},
    pages = {64--71},
    volume = {22},
    publisher = {IEEE},
    url = {http://ieeexplore.ieee.org/document/1028477/},
    doi = {10.1109/MM.2002.1028477},
    issn = {0272-1732}
}

@inproceedings{Lam1991,
    title = {{The cache performance and optimizations of blocked algorithms}},
    year = {1991},
    booktitle = {ACM SIGARCH Computer Architecture News},
    author = {Lam, Monica D and Rothberg, Edward E and Wolf, Michael E},
    number = {2},
    pages = {63--74},
    volume = {19},
    publisher = {ACM},
    isbn = {0897913809}
}

@book{cortada2016computer,
    title = {{The Computer in the United States}},
    year = {2016},
    booktitle = {The Computer in the United States},
    author = {Cortada, James W.},
    publisher = {Routledge},
    doi = {10.4324/9781315287775}
}

@article{DatacenterasaComputer:uneplongeedanslesdatacentersdesacteursducloud2011,
    title = {{The Datacenter as a Computer An Introduction to the Design of Warehouse-Scale Machines}},
    year = {2011},
    author = {{Datacenter as a Computer : une plong{\'{e}}e dans les datacenters des acteurs du cloud}},
    url = {https://blog.octo.com/datacenter-as-a-computer-une-plongee-dans-les-datacenters-des-acteurs-du-cloud/}
}

@article{theis2017end,
    title = {{The end of moore's law: A new beginning for information technology}},
    year = {2017},
    journal = {Computing in Science {\&} Engineering},
    author = {Theis, Thomas N and Wong, H-S Philip},
    number = {2},
    pages = {41},
    volume = {19},
    publisher = {IEEE Computer Society}
}

@misc{Brooks2017,
    title = {{The End of Moore’s Law – Rodney Brooks}},
    year = {2017},
    author = {Brooks, Rodney},
    url = {https://rodneybrooks.com/the-end-of-moores-law/}
}

@article{cocke1990evolution,
    title = {{The evolution of RISC technology at IBM}},
    year = {1990},
    journal = {IBM Journal of research and development},
    author = {Cocke, John and Markstein, Victoria},
    number = {1},
    pages = {4--11},
    volume = {34},
    publisher = {IBM}
}

@article{Messina2017,
    title = {{The Exascale Computing Project}},
    year = {2017},
    journal = {Computing in Science and Engineering},
    author = {Messina, Paul},
    number = {3},
    pages = {63--67},
    volume = {19},
    doi = {10.1109/MCSE.2017.57},
    issn = {15219615},
    keywords = {Exascale, HPC, co-design, scientific computing}
}

@inproceedings{yi2006exigency,
    title = {{The exigency of benchmark and compiler drift: Designing tomorrow's processors with yesterday's tools}},
    year = {2006},
    booktitle = {Proceedings of the International Conference on Supercomputing},
    author = {Yi, J.J. and Vandierendonck, H. and Eeckhout, L. and Lilja, D.J.},
    pages = {75--86},
    organization = {ACM},
    isbn = {1595932828 | 9781595932822},
    doi = {10.1145/1183401.1183414},
    keywords = {[Benchmark drift, Compiler drift, Microprocessor d}
}

@article{Sutter2005b,
    title = {{The free lunch is over: A fundamental turn toward concurrency in software}},
    year = {2005},
    journal = {Dr. Dobb's Journal},
    author = {Sutter, H},
    pages = {1--9},
    url = {http://www.mscs.mu.edu/~rge/cosc2200/homework-fall2013/Readings/FreeLunchIsOver.pdf},
    doi = {10.1002/minf.201100042},
    issn = {18681751}
}

@article{Sutter2005,
    title = {{The free lunch is over: A fundamental turn toward concurrency in software}},
    year = {2005},
    journal = {Dr. Dobb's Journal},
    author = {Sutter, H},
    pages = {1--9},
    url = {http://mondrian.die.udec.cl/~mmedina/Clases/ProgPar/Sutter - The Free Lunch is Over.pdf http://www.mscs.mu.edu/~rge/cosc2200/homework-fall2013/Readings/FreeLunchIsOver.pdf},
    doi = {10.1002/minf.201100042},
    issn = {18681751}
}

@article{FutureCPU,
    title = {{The Future of Microprocessors}},
    year = {2011},
    journal = {Commun. ACM},
    author = {Borkar, S and A. Chien, Andrew},
    pages = {67--77},
    volume = {54},
    doi = {10.1145/1941487.1941507}
}

@article{Intel:tictoc,
    title = {{The haswell microarchitecture-4th generation processor}},
    year = {2013},
    journal = {International Journal of Computer Science and Information Technologies},
    author = {Jain, Tarush and Agrawal, Tanmay},
    number = {3},
    pages = {477--480},
    volume = {4},
    publisher = {Citeseer}
}

@inproceedings{Luszczek2006,
    title = {{The HPC Challenge (HPCC) benchmark suite}},
    year = {2006},
    booktitle = {Proceedings of the 2006 ACM/IEEE conference on Supercomputing},
    author = {Luszczek, Piotr R and Bailey, David H and Dongarra, Jack J and Kepner, Jeremy and Lucas, Robert F and Rabenseifner, Rolf and Takahashi, Daisuke},
    volume = {213},
    publisher = {Citeseer}
}

@inproceedings{Murphy2005,
    title = {{The implications of working set analysis on supercomputing memory hierarchy design}},
    year = {2005},
    booktitle = {Proceedings of the 19th annual international conference on Supercomputing},
    author = {Murphy, Richard and Rodrigues, Arun and Kogge, Peter and Underwood, Keith},
    pages = {332--340},
    publisher = {ACM},
    isbn = {1595931678}
}

@misc{Intel:skl_new,
    title = {{The Intel Xeon Scalable – a Truly Big Day for the Data Center}},
    year = {2017},
    author = {{Lisa Spelman}},
    url = {https://newsroom.intel.com/editorials/intel-xeon-scalable-processor-family-data-center/#gs.dmvxgu}
}

@article{Dongarra2003,
    title = {{The LINPACK benchmark: Past, present and future}},
    year = {2003},
    journal = {Concurrency Computation Practice and Experience},
    author = {Dongarra, Jack J. and Luszczek, Piotr and Petite, Antoine},
    number = {9},
    month = {8},
    pages = {803--820},
    volume = {15},
    publisher = {Wiley-Blackwell},
    url = {http://doi.wiley.com/10.1002/cpe.728},
    isbn = {1532-0634},
    doi = {10.1002/cpe.728},
    issn = {15320626},
    keywords = {BLAS, Benchmarking, HPL, High-performance computing, LINPACK, Linear algebra, TOP500}
}

@article{Wilkes2001,
    title = {{The memory gap and the future of high performance memories}},
    year = {2001},
    journal = {ACM SIGARCH Computer Architecture News},
    author = {Wilkes, Maurice V},
    number = {1},
    pages = {2--7},
    volume = {29},
    issn = {0163-5964}
}

@inproceedings{de2010new,
    title = {{The new linux’perf’tools}},
    year = {2010},
    booktitle = {Slides from Linux Kongress},
    author = {De Melo, Arnaldo Carvalho},
    volume = {18}
}

@article{day1983osi,
    title = {{The OSI reference model}},
    year = {1983},
    journal = {Proceedings of the IEEE},
    author = {Day, John D and Zimmermann, Hubert},
    number = {12},
    pages = {1334--1340},
    volume = {71},
    publisher = {IEEE}
}

@article{Bitzes2014,
    title = {{The overhead of profiling using PMU hardware counters}},
    year = {2014},
    author = {Bitzes, Georgios and Nowak, Andrzej}
}

@article{London2001,
    title = {{The PAPI Cross-Platform Interface to Hardware Performance Counters}},
    year = {2001},
    journal = {Department of Defense Users’ Group Conference Proceedings},
    author = {London, Kevin and Moore, Shirley and Mucci, Philip and Seymour, Keith and Luczak, Richard},
    pages = {18--21}
}

@article{Mahapatra1999a,
    title = {{The Processor-memory Bottleneck: Problems and Solutions}},
    year = {1999},
    journal = {Crossroads},
    author = {Mahapatra, Nihar R. and Venkatrao, Balakrishna},
    number = {3es},
    pages = {1--8},
    volume = {5},
    url = {http://doi.acm.org/10.1145/357783.331677%5Cnhttp://dl.acm.org/ft_gateway.cfm?id=331677&type=html},
    doi = {10.1145/357783.331677},
    issn = {1528-4972}
}

@article{Mahapatra1999,
    title = {{The processor-memory bottleneck: problems and solutions}},
    year = {1999},
    journal = {Crossroads},
    author = {Mahapatra, Nihar R and Venkatrao, Balakrishna},
    number = {3es},
    pages = {2},
    volume = {5},
    publisher = {ACM},
    issn = {1528-4972}
}

@inproceedings{Williams2016,
    title = {{The roofline model: A pedagogical tool for program analysis and optimization}},
    year = {2016},
    booktitle = {2008 IEEE Hot Chips 20 Symposium, HCS 2008},
    author = {Williams, Samuel and Patterson, David and Oliker, Leonid and Shalf, John and Yelick, Katherine},
    month = {8},
    pages = {1--71},
    publisher = {IEEE},
    url = {http://ieeexplore.ieee.org/document/7476531/ https://crd.lbl.gov/assets/pubs_presos/parlab08-roofline-talk.pdf},
    isbn = {9781467388719},
    doi = {10.1109/HOTCHIPS.2008.7476531}
}

@article{Shende2006,
    title = {{The TAU parallel performance system}},
    year = {2006},
    journal = {International Journal of High Performance Computing Applications},
    author = {Shende, Sameer S. and Malony, Allen D.},
    number = {2},
    month = {5},
    pages = {287--311},
    volume = {20},
    publisher = {Sage Publications, Inc.},
    url = {http://journals.sagepub.com/doi/10.1177/1094342006064482},
    isbn = {1078-3482},
    doi = {10.1177/1094342006064482},
    issn = {10943420},
    keywords = {Analysis, Instrumentation, Measurement, Performance evaluation, TAU}
}

@article{Strohmaier2015,
    title = {{The TOP500 List and Progress in High-Performance Computing}},
    year = {2015},
    journal = {Computer},
    author = {Strohmaier, Erich and Meuer, Hans W. and Dongarra, Jack and Simon, Horst D.},
    number = {11},
    pages = {42--49},
    volume = {48},
    publisher = {IEEE},
    doi = {10.1109/MC.2015.338},
    issn = {00189162},
    keywords = {Application performance, Linpack, TOP500, benchmarks, high-performance computing, parallel computing, scientific computing, supercomputers}
}

@article{bardeen1948transistor,
    title = {{The transistor, a semi-conductor triode}},
    year = {1948},
    journal = {Physical Review},
    author = {Bardeen, John and Brattain, Walter Hauser},
    number = {2},
    pages = {230},
    volume = {74},
    publisher = {APS}
}

@inproceedings{Walcott-Justice2012,
    title = {{THeME: a system for testing by hardware monitoring events}},
    year = {2012},
    booktitle = {Proceedings of the 2012 International Symposium on Software Testing and Analysis},
    author = {Walcott-Justice, Kristen and Mars, Jason and Soffa, Mary Lou},
    pages = {12--22},
    publisher = {ACM},
    isbn = {1450314546}
}

@article{dolbeau2015theoretical,
    title = {{Theoretical Peak FLOPS per instruction set on less conventional hardware}},
    year = {2015},
    author = {Dolbeau, Romain},
    url = {http://www.dolbeau.name/dolbeau/publications/peak-alt.pdf},
    keywords = {Index, Terms-FLOPS}
}

@misc{Thruchip2018,
    title = {{Thruchip Communications Main Site}},
    year = {2018},
    author = {{thruchip}},
    url = {http://www.thruchip.com/tsv-compare.htm}
}

@misc{Wikichip,
    title = {{ThruChip Interface (TCI) - WikiChip}},
    author = {{wikichip}},
    url = {https://en.wikichip.org/wiki/thruchip_interface}
}

@incollection{imbert2011tips,
    title = {{Tips and tricks for finite difference and i/o‐less FWI}},
    year = {2011},
    booktitle = {SEG Technical Program Expanded Abstracts 2011},
    author = {Imadoueddine, Khadija and Borges, Leonardo and Imbert, David and Thierry, Philippe and Chauris, Hervé},
    pages = {3174--3178},
    publisher = {Society of Exploration Geophysicists},
    doi = {10.1190/1.3627855}
}

@article{Rohou2012,
    title = {{Tiptop: Hardware performance counters for the masses}},
    year = {2012},
    journal = {Proceedings of the International Conference on Parallel Processing Workshops},
    author = {Rohou, Erven},
    pages = {404--413},
    isbn = {9780769547954},
    doi = {10.1109/ICPPW.2012.58},
    issn = {15302016},
    keywords = {PMU, hardware counters, performance, tool}
}

@article{mowry1991tolerating,
    title = {{Tolerating latency through software-controlled prefetching in shared-memory multiprocessors}},
    year = {1991},
    journal = {Journal of parallel and Distributed Computing},
    author = {Mowry, Todd and Gupta, Anoop},
    number = {2},
    pages = {87--106},
    volume = {12},
    publisher = {Elsevier}
}

@misc{Top5002018,
    title = {{Top500 - projected Performance Development}},
    year = {2018},
    author = {{Top500}},
    url = {https://www.top500.org/statistics/perfdevel/}
}

@article{HPC:top500,
    title = {{TOP500 supercomputer sites}},
    year = {1997},
    journal = {Supercomputer},
    author = {Dongarra, Jack J and Meuer, Hans W and Strohmaier, Erich and {others}},
    pages = {89--111},
    volume = {13},
    publisher = {ASFRA BV}
}

@article{Dongarra2013,
    title = {{Toward a new metric for ranking high performance computing systems}},
    year = {2013},
    journal = {Sandia Report, SAND2013-4744},
    author = {Dongarra, Jack and Heroux, Ma},
    number = {June},
    pages = {1--19},
    url = {http://www.sandia.gov/~maherou/docs/HPCG-Benchmark.pdf},
    issn = {2095-5138}
}

@article{Araiza2005,
    title = {{Towards a cross-platform microbenchmark suite for evaluating hardware performance counter data}},
    year = {2005},
    journal = {2005 Richard Tapia Celebration of Diversity in Computing Conference},
    author = {Araiza, Roberto and {Thientam Pham} and Aguilera, M.G.},
    pages = {36--39},
    url = {http://digitalcommons.utep.edu/cgi/viewcontent.cgi?article=1263&context=cs_techrep%5Cnhttp://ieeexplore.ieee.org/lpdocs/epic03/wrapper.htm?arnumber=1570873},
    isbn = {1-59593-257-7},
    doi = {10.1109/RTCDC.2005.201641},
    keywords = {Experimentation, Hardware performance counters, Measurement, Reliability, Verification, microbenchmarks}
}

@inproceedings{Gurel2018,
    title = {{Towards Exascale Computing for Autonomous Driving}},
    year = {2018},
    booktitle = {2018 International Workshop on Computing, Electromagnetics, and Machine Intelligence (CEMi)},
    author = {Gurel, Levent},
    pages = {17--18},
    publisher = {IEEE},
    url = {https://ieeexplore.ieee.org/document/8610529/},
    isbn = {978-1-5386-7845-9},
    doi = {10.1109/CEMI.2018.8610529}
}

@incollection{Labarta2010,
    title = {{Trace-Based Tools}},
    year = {2010},
    author = {Labarta, Jesus and Terpstra, Daniel K. and Weaver, Vincent M.},
    month = {11},
    pages = {87--122},
    publisher = {CRC Press},
    url = {http://www.crcnetbase.com/doi/abs/10.1201/b10509-6},
    doi = {10.1201/b10509-6}
}

@article{Licht2018,
    title = {{Transformations of High-Level Synthesis Codes for High-Performance Computing}},
    year = {2018},
    author = {Licht, Johannes de Fine and Meierhans, Simon and Hoefler, Torsten},
    month = {5},
    url = {http://arxiv.org/abs/1805.08288},
    arxivId = {1805.08288}
}

@misc{GeraldHuguenin2018,
    title = {{Transistor bipolaire}},
    year = {2018},
    author = {{Gerald Huguenin}},
    url = {http://www.gerald-huguenin.ch/Cours/Intro/bipolaire.htm}
}

@misc{Wikipedia2019Transistor,
    title = {{Transistor Count}},
    year = {2019},
    author = {{Wikipedia}},
    url = {https://en.wikipedia.org/wiki/Transistor_count}
}

@inproceedings{LinuxTHP2019,
    title = {{Transparent Hugepage Support}},
    year = {2019},
    booktitle = {GitHub repository},
    author = {{Linux}},
    url = {https://www.kernel.org/doc/Documentation/vm/transhuge.txt}
}

@article{camp2010trends,
    title = {{Trends for high-performance scientific computing}},
    year = {2010},
    journal = {The Leading Edge},
    author = {Camp, William J. and Thierry, Philippe},
    number = {1},
    pages = {44--47},
    volume = {29},
    publisher = {Society of Exploration Geophysicists},
    doi = {10.1190/1.3284052},
    issn = {1070-485X}
}

@article{doerfler2015understanding,
    title = {{Understanding application data movement characteristics using intel vtune amplifier and software development emulator tools}},
    year = {2015},
    journal = {Intel Xeon Phi User Group (IXPUG)},
    author = {Doerfler, Doug}
}

@inproceedings{Ould-Ahmed-Vall2007,
    title = {{Using model trees for computer architecture performance analysis of software applications}},
    year = {2007},
    booktitle = {Performance Analysis of Systems {\&} Software, 2007. ISPASS 2007. IEEE International Symposium on},
    author = {Ould-Ahmed-Vall, ElMoustapha and Woodlee, James and Yount, Charles and Doshi, Kshitij A and Abraham, Seth},
    pages = {116--125},
    publisher = {IEEE},
    isbn = {1424410819}
}

@article{Dongarra2001,
    title = {{Using PAPI for hardware performance monitoring on Linux systems}},
    year = {2001},
    journal = {Proc. Conf. on Linux {\ldots}},
    author = {Dongarra, J and London, K and Moore, S},
    pages = {25--27},
    url = {http://web.eecs.utk.edu/~shirley/papers/lci2001.pdf},
    doi = {10.1.1.130.2950}
}

@misc{code:gcc,
    title = {{Using the GNU Compiler Collection (GCC): Extended Asm}},
    year = {2019},
    url = {https://gcc.gnu.org/onlinedocs/gcc/Extended-Asm.html}
}

@article{code:rdtsc,
    title = {{Using the rdtsc instruction for performance monitoring}},
    year = {1997},
    journal = {Techn. Ber., tech. rep., Intel Coorporation},
    author = {Coorporation, Intel},
    pages = {22}
}

@article{Cache1997,
    title = {{Using the RDTSC Instruction for Performance Monitoring CONTENTS :}},
    year = {1997},
    journal = {Cycle},
    author = {Cache, Instruction and Processors, Technology},
    pages = {1--12}
}

@article{Wonnacott2000,
    title = {{Using time skewing to eliminate idle time due to memory bandwidth and network limitations}},
    year = {2002},
    journal = {Proceedings 14th International Parallel and Distributed Processing Symposium. IPDPS 2000},
    author = {Wonnacott, D.},
    pages = {171--180},
    url = {http://ieeexplore.ieee.org/lpdocs/epic03/wrapper.htm?arnumber=845979},
    isbn = {0-7695-0574-0},
    doi = {10.1109/ipdps.2000.845979},
    issn = {1530-2075}
}

@book{barbe2013very,
    title = {{Very Large Scale Integration (VLSI) Fundamentals and Applications}},
    year = {1982},
    author = {Barbe, D. F.},
    volume = {4},
    publisher = {Springer Science {\&} Business Media},
    isbn = {9783642510724}
}

@techreport{Mowry2012,
    title = {{Virtual Memory: Systems}},
    year = {2012},
    author = {Mowry, Todd C and Rowe, Anthony},
    url = {http://www.cs.cmu.edu/afs/cs/academic/class/15213-s12/www/lectures/17-vm-systems-1up.pdf}
}

@phdthesis{Capra2015,
    title = {{Virtualisation en contexte HPC}},
    year = {2015},
    author = {Capra, Antoine},
    month = {12},
    publisher = {Universit{\'{e}} de Bordeaux},
    url = {https://tel.archives-ouvertes.fr/tel-01280434/},
    keywords = {Calcul haute performance, High Performance Computing, MPI, OpenMP, Virtualisation}
}

@inproceedings{wong2015vp3,
    title = {{Vp3: A vectorization potential performance prototype}},
    year = {2015},
    booktitle = {Workshop on Programming Models for SIMD/Vector Processing},
    author = {Wong, David C and Kuck, David J and Palomares, David and Bendifallah, Zakaria and Tribalat, Mathieu and Oseret, Emmanuel and Jalby, William}
}

@article{reinders2005vtune,
    title = {{VTune performance analyzer essentials}},
    year = {2005},
    journal = {Intel Press},
    author = {Reinders, James}
}

@techreport{HerbSutter2011,
    title = {{Welcome to the Jungle}},
    year = {2011},
    author = {{Herb Sutter}},
    url = {http://herbsutter.com/welcome-to-the-jungle/}
}

@article{Drepper2007,
    title = {{What every programmer should know about memory}},
    year = {2007},
    journal = {Red Hat},
    author = {Drepper, U},
    pages = {1--114},
    url = {http://diyhpl.us/~bryan/papers2/distributed/distributed-systems/what-every-programmer-should-know-about-memory.2007.pdf%5Cnfile:///Files/AB/AB18CBAA-9B5C-4FAD-867F-04D554B39DF3.pdf%5Cnfile:///Files/27/27A2BAA0-7DC4-47F6-94CF-3C51B27567C4.pdf},
    doi = {10.1.1.91.957},
    issn = {0361526X},
    pmid = {11807537}
}

@misc{Handly2018,
    title = {{Why Are NVDIMMs Suddenly Hot?}},
    year = {2018},
    author = {Handly, Jim},
    url = {https://www.electronicdesign.com/industrial-automation/why-are-nvdimms-suddenly-hot}
}

@misc{mattsson2014haven,
    title = {{Why Haven’t CPU Clock Speeds Increased in the Last Few Years?}},
    year = {2014},
    author = {Mattsson, Pär Persson},
    url = {https://www.comsol.com/blogs/havent-cpu-clock-speeds-increased-last-years/}
}

@article{Kroese2014,
    title = {{Why the Monte Carlo Method is so important today Uses of the MCM}},
    year = {2014},
    journal = {WIREs Computational Statistics},
    author = {Kroese, Dirk P and Brereton, Tim and Taimre, Thomas and Botev, Zdravko I},
    number = {6},
    pages = {386--392},
    volume = {6},
    url = {https://people.smp.uq.edu.au/DirkKroese/ps/whyMCM_final.pdf},
    doi = {10.1002/wics.1314},
    issn = {19395108},
    keywords = {estimation, mcmc, monte carlo method, randomized optimization, simulation}
}

@techreport{Handy2016,
    title = {{WHY WAIT FOR STORAGE CLASS MEMORY?}},
    year = {2016},
    author = {Handy, Jim},
    url = {www.OBJECTIVE-ANALYSIS.com}
}

@incollection{Dongarra2016,
    title = {{With Extreme Scale Computing the Rules Have Changed}},
    year = {2016},
    author = {Dongarra, Jack},
    month = {7},
    pages = {3--6},
    publisher = {Springer, Cham},
    url = {http://link.springer.com/10.1007/978-3-319-42432-3_1},
    isbn = {978-1-4503-4314-5},
    doi = {10.1007/978-3-319-42432-3{\_}1}
}

@misc{PhilippOppermann,
    title = {{Writing an OS in Rust}},
    year = {2015},
    author = {Oppermann, Philipp},
    url = {https://os.phil-opp.com/page-tables/}
}

@article{Yotov2004,
    title = {{X-Ray : Automatic Measurement of Hardware Parameters ∗}},
    year = {2004},
    journal = {Framework},
    author = {Yotov, Kamen and Pingali, Keshav and Stodghill, Paul},
    pages = {1--22}
}

@misc{Wikichipa,
    title = {{Xeon Gold 6148 - Intel - WikiChip}},
    author = {{wikichip}},
    url = {https://en.wikichip.org/wiki/intel/xeon_gold/6148#Frequencies}
}

@misc{Cache_replacement_policiesEn.wikipedia.org,
    title = {{Cache{\_}replacement{\_}policies @ en.wikipedia.org}},
    url = {https://en.wikipedia.org/wiki/Cache_replacement_policies}
}

@book{Tanenbaum2008SystemesDexploitation,
    title = {{Systèmes d'exploitation}},
    year = {2008},
    author = {Tanenbaum, Andrew S.},
    publisher = {Pearson Education},
    isbn = {2744072990}
}